2457 3961
162 220 355 272 fortuna
374 220 510 278 alius3
532 217 612 286 qui
628 215 904 285 ubicunque
916 217 1003 275 est,
1035 217 1136 268 suus
1151 219 1224 269 est.
1264 218 1427 269 Rebus
1440 217 1598 272 nonse
1612 220 1770 281 tradit,
1792 220 1870 274 sed
1892 227 2193 286 commodat,
2218 222 2318 279 illis-

163 309 258 358 que
271 306 498 357 tanquam
531 286 753 355 depositis
767 288 915 337 utitur
927 324 940 344 ,
962 290 1014 338 &
1027 288 1229 338 abituris,
1269 290 1438 356 Magni
1451 288 1564 341 illius
1578 291 1827 343 Austriacae
1851 291 2006 360 gloriae
2020 296 2185 348 Sideris
2212 299 2318 348 Fer—

162 360 357 410 dinandi
372 356 576 409 Secundi
588 355 807 421 exemplo
820 375 830 405 :
844 356 943 408 Hic
956 375 1203 425 nunquam
1220 356 1370 424 magis
1382 393 1396 416 ,
1417 358 1564 427 quam
1577 359 1694 410 dum
1706 359 1909 412 fortunis
1922 364 2203 416 credebatur
2214 366 2318 434 spo-

161 427 341 478 liandus
363 423 587 477 omnibus
601 464 616 483 ,
637 425 696 476 de
711 427 916 476 Fortuna
929 425 1269 493 triumphavit,
1292 427 1369 477 cui
1394 425 1593 479 libenter
1617 427 1775 488 ceffit,
1801 430 2034 500 quidquid
2060 433 2133 484 illa
2155 452 2317 502 rapere

160 497 342 564 potuit3
367 495 468 545 imo
493 512 555 546 ne
579 512 739 560 rapere
762 494 934 562 poffet,
956 494 1079 547 ultro
1103 495 1266 562 majori
1282 496 1466 554 virtutis
1488 494 1660 549 robore
1682 498 1732 550 in
1752 516 1925 551 manus
1943 499 2085 560 1111113,
2110 502 2248 571 aquo
2264 522 2320 553 o-

161 566 284 616 mnis
300 564 498 632 potestas
513 564 559 613 in
573 563 809 631 Principes
820 564 1060 621 dimanat,
1087 564 1285 631 projecit
1298 564 1482 633 Imperij
1505 582 1741 632 pomum,
1763 567 1909 636 quam
1933 568 2141 622 hostium
2154 572 2318 623 avidus

159 633 296 691 livor,
312 636 363 685 &
375 633 550 683 invidia
558 649 719 699 rapere
733 631 963 699 potuisset.
1033 633 1165 684 Nam
1177 631 1291 684 611111
1306 632 1456 701 probe
1468 631 1647 687 nosset:
1670 635 1843 688 callidis
1860 636 2067 690 hostium
2083 639 2319 691 machinis

158 719 306 755 novas
317 701 464 753 indies
475 701 664 752 coronis
677 699 763 751 suis
777 699 960 752 insidias
975 701 1109 759 strui,
1131 700 1195 751 nil
1208 717 1369 754 motus
1382 703 1545 754 animo
1560 743 1577 762 ,
1602 701 1841 765 ‘Tantt'nffi
1859 706 2046 772 inquit,
2066 708 2128 776 est
2153 706 2317 759 diade-

157 775 277 824 ma?
302 770 404 841 Ego
428 763 544 821 verb
557 808 573 828 ,
587 770 632 839 fi
649 788 789 842 quem
810 769 1009 822 DEvS
1024 768 1265 822 meliorem
1280 771 1484 842 Imperio
1494 770 1711 825 decrevit
1730 771 1969 845 praeficere,
1986 777 2314 847 paratusfhm

163 840 567 915 spontbsc‘eptrum
580 857 728 890 manu
738 875 751 898 ‚
772 836 996 890 diadema
1007 841 1161 908 capite
1173 838 1406 910 deponere.
1441 839 1522 907 (f)
1558 842 1609 892 O
1620 859 1800 897 vocem
1813 861 2003 899 auream
2019 846 2188 914 Magni
2210 847 2315 897 Cae-

156 909 283 961 saris!
305 926 478 961 vocem
493 907 736 959 Austriaco
757 908 953 976 dignam
978 908 1216 976 Principe!
1240 909 1362 960 Haec
1373 926 1549 977 nempe
1561 910 1723 979 Regiae
1738 908 1889 964 libella
1909 913 2104 975 indolis;
2127 932 2165 965 ae
2203 932 2314 967 uam

157 979 208 1030 in
221 977 374 1030 arduis
387 976 562 1030 servare
578 992 827 1037 mentem,
849 975 1011 1046 ibique
1023 977 1210 1037 extolli,
1236 976 1319 1029 ubi
1346 994 1516 1032 omnes
1540 979 1898 1050 deprimuntur:
1919 980 1986 1037 ibi
1997 982 2135 1044 stare,
2155 1001 2187 1037 u
2223 984 2239 1036 i
2265 1002 2315 1034 o-

161 1064 299 1102 mnes
303 1051 481 1119 jacent.

670 1115 878 1187 Regium
899 1111 981 1166 hoc
995 1113 1147 1186 ipsttm
1164 1133 1269 1168 reor

502 1181 727 1249 Adverfit
749 1197 934 1254 capere,
956 1180 1055 1258 quo'
1100 1184 1160 1254 stt
1171 1182 1436 1239 dubiusma
1469 1184 1510 1239 25

501 1255 692 1311 Statm,
722 1255 784 1310 Εἴ
807 1250 1017 1304 cadentis
1066 1249 1243 1323 mpert‘i
1264 1253 1413 1316 moles,
1475 1252 1584 1308 bat:

499 1323 610 1375 Hoc
620 1321 751 1392 stare
772 1335 898 1374 certo
913 1317 1305 1395 pressiitsfhrtem
1314 1323 1494 1396 gradu.
1528 1326 1609 1394 (g)

328 1459 467 1513 Nam
477 1475 531 1512 ut
545 1459 752 1529 plebeiae,
765 1475 847 1513 aut
859 1460 970 1514 levis
983 1461 1046 1512 est
1063 1476 1176 1513 nota
1195 1463 1383 1522 mentis,
1395 1462 1613 1532 quolibet
1624 1477 1890 1516 eventuum
1908 1462 2121 1534 pondere
2140 1463 2191 1516 in
2215 1462 2310 1515 ima

153 1530 252 1599 rapi
264 1545 278 1587 t
300 1549 546 1602 magnum,
559 1530 753 1602 DEOqg
766 1532 992 1582 vicinum
1005 1531 1066 1600 est
1076 1550 1170 1582 non
1184 1534 1388 1591 concuti,
1412 1532 1493 1601 (h)
1528 1550 1620 1584 nec
1632 1533 1674 1584 se
1686 1532 1830 1585 alium
1844 1534 1892 1584 in
1903 1533 1987 1585 alia
1998 1532 2191 1586 fortuna
2202 1550 2314 1602 prae-

156 1598 281 1651 bere.
321 1596 685 1665 Hancstabilem
695 1601 855 1650 animi
859 1595 1011 1664 fidem
1023 1618 1141 1651 voco
1154 1637 1167 1658 ,
1202 1602 1262 1668 (i)
1297 1602 1379 1668 qui
1399 1601 1528 1670 quasi
1543 1601 1663 1653 stella
1674 1602 1724 1653 in
1737 1601 1855 1654 orbe
1869 1600 1961 1654 fixa
1973 1601 2173 1670 fulgeat3
2185 1620 2310 1670 quae,

156 1669 270 1720 licet
282 1666 407 1719 orbis
426 1669 473 1719 in
493 1686 662 1735 gyrum
677 1684 799 1734 agat,
811 1668 911 1736 ipso
922 1684 1084 1719 tamen
1098 1670 1146 1719 in
1161 1685 1298 1720 motu
1309 1670 1395 1721 stat
1407 1672 1627 1722 immota.
1663 1670 1784 1722 Sane
1797 1690 1898 1723 non
1910 1670 2178 1724 hilariorem
2190 1671 2311 1738 quis-

157 1755 324 1807 quam,
337 1755 438 1788 non
451 1737 699 1789 tristiorem
715 1737 958 1788 Socratem
973 1739 1123 1789 vidit:
1144 1738 1329 1806 aequalis
1343 1739 1526 1808 semper
1540 1741 1588 1791 in
1602 1755 1733 1791 tanta
1755 1740 2070 1809 inaequalitate
2086 1739 2305 1791 fortunae.

155 1805 335 1875 Neque
347 1805 533 1874 Regulo
544 1804 735 1856 fortuna
750 1807 918 1857 nocuit
929 1845 944 1865 ,
958 1806 1090 1874 quod
1101 1805 1233 1858 illum
1245 1808 1603 1861 documentum
1625 1808 1751 1868 fidei,
1762 1810 2115 1862 documentum
2131 1809 2307 1876 patien-

153 1877 230 1928 tiae
244 1876 370 1927 fecit.
440 1875 613 1943 Figunt
625 1891 787 1926 cutem
800 1874 937 1934 clavi,
950 1877 1002 1927 δέ
1013 1892 1301 1944 quacunque
1325 1878 1573 1946 fatigatum
1588 1895 1759 1946 corpus
1778 1877 2039 1937 reclinavit,
2049 1876 2230 1931 vulneri
2244 1878 2310 1927 in-

152 1942 360 2002 cumbit,
373 1945 422 1994 &
435 1944 484 1994 in
497 1958 774 2012 perpetuam
786 1942 993 2011 vigiliam
1006 1943 1214 2012 suspensa
1224 1944 1331 1996 sunt
1344 1945 1535 1998 lumina.
1573 1949 1638 1998 At
1650 1947 1833 2015 quanto
1845 1946 1945 2015 plus
1958 1949 2312 2005 tormenti,tan·

153 2015 209 2067 to
221 2013 321 2083 plus
337 2012 424 2064 erit
437 2012 603 2080 gloriae.
640 2012 720 2063 Vis
738 2010 864 2071 scire,
876 2012 1022 2081 quam
1034 2031 1134 2064 non
1145 2016 1394 2082 poeniteat,
1408 2017 1505 2068 hoc
1520 2017 1674 2083 pretio
1684 2015 1921 2069 aestimasse
1930 2016 2184 2070 virtutem?
2209 2013 2311 2065 refi-

153 2101 213 2136 ce
224 2099 277 2134 tu
291 2082 439 2140 illum,
452 2086 503 2133 &
517 2082 655 2132 mitte
667 2082 715 2132 in
728 2081 957 2142 senatum3
971 2082 1174 2134 eandem
1187 2083 1468 2135 sententiam
1481 2086 1622 2136 dicet.
1653 2085 1793 2138 Adeo
1807 2103 2056 2154 nunquam
2068 2084 2212 2136 molle
2224 2084 2310 2135 vir-

153 2154 268 2205 tutis
280 2152 640 2202 documentum
653 2150 730 2207 est,
743 2154 794 2201 δε
806 2152 882 2203 vix
897 2168 1139 2219 magnum
1151 2153 1445 2220 exemplum,
1457 2153 1541 2204 nisi
1555 2152 1677 2204 mala
1692 2155 1912 2214 Fortuna,
1925 2154 2122 2208 invenit.
2196 2154 2285 2204 Pro
2298 2186 2314 2195 -

151 2221 281 2290 spera
294 2220 525 2288 siquidem
537 2220 586 2270 in
599 2216 861 2286 plebem‚ac
872 2218 976 2271 vilia
988 2222 1137 2271 etiam
1152 2223 1339 2289 ingenia
1354 2222 1629 2273 deveniunt.
1647 2223 1802 2274 Avida
1813 2223 1880 2275 est
1894 2222 2085 2290 periculi
2095 2222 2309 2280 virtus,&

155 2289 258 2362 quo
270 2290 452 2348 tendat,
463 2306 564 2340 non
577 2288 691 2357 quid
702 2287 877 2357 passura
890 2287 959 2347 sit,
971 2290 1180 2358 cogitat:
1194 2292 1443 2359 quoniam,
1456 2294 1507 2343 ὃς
1521 2291 1654 2360 quod
1665 2291 1846 2360 pafl'um
1857 2294 1936 2350 est,
1948 2291 2104 2362 gloriae
2112 2309 2215 2362 pars
2229 2292 2306 2342 est.

328 2424 418 2481 Ad
435 2423 518 2479 hoc
532 2425 733 2496 proinde
735 2425 1091 2495 sacramentum
1113 2425 1278 2480 adadi‘i
1294 2429 1490 2495 firmus:
1504 2429 1639 2498 fbrre
1663 2426 1915 2488 mortalia,
1936 2447 2020 2481 nec
2034 2424 2311 2501 perturbari

155 2494 246 2556 his,
259 2515 353 2569 qua
364 2495 517 2565 nostra
527 2496 770 2566 potestatis
781 2515 874 2547 non
872 2496 1008 2565 stmt.
1027 2497 1101 2564 (k)
1115 2497 1250 2548 Nihil
1265 2499 1503 2568 privatim,
1514 2497 1631 2549 1111111
1643 2495 1832 2566 publice
1845 2497 2000 2551 flebile
2014 2499 2092 2550 est.
2114 2497 2312 2550 Acerbi-

155 2564 332 2618 tatibus
344 2568 491 2623 enim,
509 2568 561 2617 &
574 2566 793 2617 aerumnis
810 2566 996 2625 cedere,
1008 2567 1075 2617 est
1088 2567 1145 2618 ad
1159 2585 1317 2618 earum
1334 2584 1483 2635 partes
1499 2568 1723 2619 accedere
1736 2589 1749 2630 ς
1764 2569 1881 2637 quin
1892 2569 1993 2619 imo
2015 2567 2148 2637 quod
2159 2569 2208 2618 in
2218 2567 2312 2618 hu-

157 2638 289 2688 mani
304 2636 510 2703 corporis
532 2652 766 2703 compage
791 2635 1071 2703 qualitatum
1097 2653 1562 2704 temperamentum,
1583 2637 1680 2689 hoc
1710 2637 1761 2688 in
1782 2638 1922 2689 unitis
1934 2638 2310 2705 Regnorum,&

155 2705 509 2759 Provinciarum
524 2701 750 2756 membris
763 2705 826 2755 est
840 2705 897 2755 ad
912 2704 1099 2772 pondus
1113 2707 1304 2775 rationis
1318 2708 1364 2757 in
1378 2706 1589 2774 qualibet
1601 2705 1793 2757 fortuna
1814 2706 2114 2776 compositus
2137 2705 2311 2756 Princi-

156 2776 225 2842 pis
239 2774 435 2825 3111111113.
471 2772 590 2823 1111113
605 2772 895 2841 perturbatio
908 2774 1201 2826 imminentis
1227 2775 1384 2826 morbi
1408 2776 1472 2825 est
1485 2776 1765 2843 prodroma3
1790 2775 1927 2844 hujus
1948 2773 2167 2827 confusio
2184 2790 2311 2825 mor-

159 2842 449 2910 temlmperij
467 2841 684 2911 praesagit.
720 2839 1018 2896 Perturbatio
1030 2845 1242 2902 enim,&
1266 2843 1485 2896 confusio
1502 2862 1658 2895 rerum
1681 2845 1902 2896 omnium
1926 2844 2098 2902 oritur,
2123 2842 2310 2911 quoties

157 2910 580 3034 {facieblfirincipiz
594 2927 826 2980 tanquam
835 2929 893 2965 ex
904 2910 976 2963 illa
986 2911 1098 2972 caeli,
1119 2912 1384 2983 prospicere
1406 2913 1517 2967 licet
1538 2914 1865 2983 tempestateS,
1892 2929 1999 2984 quae
2021 2913 2309 2982 impendent

205 2998 315 3051 eipu
383 2997 465 3033 cae.

328 3118 464 3171 Hinc
476 3117 508 3170 fi
522 3135 669 3188 quem
683 3118 897 3172 candidae
908 3118 1039 3173 sortis
1049 3119 1231 3189 pullum
1246 3118 1499 3175 blandioris
1510 3119 1627 3180 caeli,
1641 3123 1693 3174 &
1715 3134 1893 3173 naturae
1905 3119 2042 3172 favor
2062 3116 2119 3169 ad
2133 3133 2310 3186 purpu-

155 3203 279 3247 ram,
290 3190 343 3239 &
355 3206 555 3239 coronas
569 3190 618 3240 in
628 3188 786 3240 lucem
796 3189 969 3242 edidit:
985 3190 1100 3242 Solis
1113 3191 1172 3243 ad
1186 3192 1326 3243 instar
1336 3191 1513 3260 fulgeat
1524 3190 1704 3245 neceffe
1713 3192 1792 3247 est.
1808 3189 1925 3241 Solu
1936 3192 2016 3241 vis
2031 3189 2221 3256 integra
2232 3185 2307 3255 est,

153 3259 304 3309 etiam
317 3261 445 3307 inter
457 3256 656 3327 oppostta
668 3294 682 3316 ,
704 3276 798 3309 non
811 3258 872 3327 est
879 3261 1047 3327 streno
1059 3262 1242 3320 minor,
1256 3280 1339 3315 nec
1349 3258 1538 3313 tardior
1547 3258 1742 3336 quidem
1757 3262 1811 3310 in
1822 3272 1952 3330 opere
1968 3256 2027 3325 est
2038 3294 2053 3314 ,
2071 3257 2208 3323 cuzfit
2219 3265 2310 3323 suo

137 3326 312 3394 fertur
323 3361 338 3383 ,
381 3324 441 3393 (l)
491 3329 543 3377 ὃ(
561 3326 748 3394 quosvis
772 3328 898 3378 inter
916 3345 1088 3381 ventos
1111 3328 1295 3399 semper
1316 3331 1458 3382 idem.
1560 3330 1694 3382 Nam
1716 3344 1771 3379 ut
1794 3325 2056 3396 frequentia
2071 3323 2310 3374 malorum

152 3395 445 3461 impatientis
458 3395 605 3444 animi
618 3395 821 3463 deliquia
844 3398 1030 3448 ruinam
1045 3400 1228 3466 Imperij
1256 3398 1576 3468 portendunt:
1603 3397 1667 3449 sic
1689 3395 1872 3464 aequalis
1896 3397 1944 3445 in
1958 3395 2093 3443 omni
2107 3391 2310 3441 fortunae

152 3464 261 3514 casu
281 3463 502 3530 Principis
513 3463 669 3514 vultus
680 3464 890 3516 subditos
903 3468 1062 3533 erigit,
1088 3469 1434 3534 quin&hostes
1447 3469 1497 3518 in
1520 3467 1885 3518 admirationem
1909 3463 2042 3530 rapit.
2076 3461 2145 3511 lta
2166 3462 2314 3510 nimi-

154 3551 262 3583 rum
275 3531 405 3582 haesit
417 3548 646 3582 attonitus
661 3534 826 3584 Victor
848 3533 1124 3585 Hannibalis
1138 3536 1313 3602 gladius
1325 3575 1339 3595 ,
1364 3528 1614 3604 acie'mque
1626 3535 1726 3604 plus
1740 3531 1945 3586 nimium
1956 3530 2171 3582 audentis
2185 3528 2311 3578 furo-

154 3604 211 3652 ris
225 3602 283 3653 ad
295 3602 568 3652 Romanam
581 3600 827 3656 hebetavit
842 3606 1155 3654 constantiam
1166 3641 1180 3662 ‚
1201 3625 1305 3673 qua:
1322 3603 1405 3656 fibi
1427 3621 1548 3659 tunc
1561 3603 1768 3656 maxime
1778 3601 2005 3659 constitit,
2018 3599 2143 3650 dum
2160 3599 2310 3671 etiam

2204 3681 2312 3720 vitae
