2457 3961
509 201 714 269 Assurgit
735 198 901 252 rabido
922 219 1166 255 murmure
1187 203 1395 264 Neu-eun

511 270 676 322 Undas
702 269 995 338 agglomerat
1018 271 1237 324 fideribus
1248 289 1403 339 pares,

510 339 757 393 Intentans
778 339 960 391 animos
979 357 1196 409 mergere
1217 339 1466 409 naufragos

766 407 879 458 Solo
901 409 1121 478 naufragi
1144 408 1290 461 metu.

509 475 695 529 Ardens
717 475 940 529 Oceanus
963 476 1096 530 flucti
1136 496 1185 528 us
1209 477 1440 545 opprimit

509 543 702 607 Claffe53
723 560 778 596 ut
798 562 992 612 pereant
1010 547 1162 614 praeda
1183 545 1458 597 trifaucibus

509 612 769 683 Scyllarum
791 613 986 665 canibus
999 653 1015 672 ,
1041 611 1271 665 littoribus
1292 616 1487 684 quoque

764 681 867 734 Sint
887 683 1147 751 spectacula
1168 683 1323 741 tristia.

509 751 706 802 Mavors
726 750 901 802 interea
925 751 1155 803 Caelareus
1175 751 1272 802 solo

509 818 681 870 Hostili
703 818 861 886 gelidis
880 820 905 870 a
930 821 1092 887 pluvijs
1113 822 1263 888 rigens
1276 857 1290 878 ‚

506 886 680 941 Nervis
699 889 933 955 corporeis
955 888 1124 956 frigore
1144 887 1373 957 languidis

762 956 1099 1009 Inclementius
1121 965 1223 1008 a‘e‘ra

507 1022 799 1075 Graffantem
811 1059 825 1083 ‚
846 1025 1016 1092 pariter
1035 1025 1149 1078 saeva
1172 1026 1441 1078 minacium

507 1091 735 1144 Afrorum
759 1109 977 1145 metuens
1000 1095 1192 1163 agmina
1206 1133 1224 1154 ,
1245 1094 1427 1146 nescius

506 1157 860 1214 Succumbatne
880 1161 986 1213 feris
1008 1161 1192 1215 ensibus
1214 1163 1451 1223 hostium,

759 1231 838 1281 An
858 1229 1158 1284 conflictibus
1178 1231 1360 1284 aetheris
1372 1269 1386 1291 ‚

504 1295 564 1348 In
580 1295 817 1349 damnum
841 1304 972 1370 cujus
995 1300 1137 1352 fraena
1158 1300 1362 1354 licentia:

505 1365 653 1417 Laxat
672 1363 927 1428 barbaries,
951 1366 1176 1438 obstrepit
1204 1371 1318 1421 ae‘ris

505 1432 810 1503 Tempestas,
832 1436 982 1506 pelagi
1003 1440 1129 1490 sueta
1151 1438 1392 1490 furoribus

758 1505 909 1559 Cudit
928 1506 1020 1559 tela
1040 1505 1295 1559 necessitas,

503 1577 641 1626 Unus
663 1594 764 1627 non
792 1575 1024 1643 quatitur,
1041 1577 1123 1645 qui
1145 1591 1277 1645 patet
1300 1573 1496 1636 iffibus,

501 1643 596 1696 Sed
615 1645 833 1695 constans
859 1645 1022 1696 animo
1048 1664 1133 1713 pro
1152 1645 1307 1716 gladiJ's
1329 1658 1475 1712 caput

503 1710 608 1764 Tot
632 1710 972 1764 discriminibus
993 1713 1302 1766 CAROLuS
1327 1710 1494 1783 obijcit

757 1781 876 1832 Non
887 1799 1018 1840 arce,
1041 1783 1169 1833 unde
1197 1780 1399 1851 pericula

502 1846 701 1902 Rideret
722 1849 921 1918 pofitu5‚
946 1869 1047 1902 non
1071 1849 1275 1904 tenebris
1302 1849 1448 1902 latens

500 1917 653 1969 Cratis
675 1918 892 1970 vimineae
908 1956 921 1978 ‚
954 1938 1056 1971 non
1073 1920 1453 1987 Agamemnonis

498 1985 721 2039 Munitus
743 1987 935 2055 clype0,
954 2005 1055 2039 non
1070 1991 1224 2040 aciem
1244 2005 1443 2046 cavens,

753 2056 934 2124 Pugnas
957 2057 1141 2108 eminus
1163 2057 1346 2124 aspicit:

497 2121 592 2173 Sed
607 2122 750 2175 fortes
769 2163 785 2182 ,
807 2126 971 2196 medijs
989 2142 1149 2177 morte
1170 2127 1418 2177 ruentium

495 2191 556 2241 Se
577 2190 681 2242 fatis
706 2191 909 2252 socians,
940 2192 1158 2246 excubias
1181 2193 1313 2251 obit,

496 2259 560 2310 Et
585 2259 719 2312 risisse
740 2278 910 2314 monet
930 2261 1243 2314 semi-animes
1265 2260 1395 2313 malis

750 2329 922 2382 Tantae
944 2330 1123 2383 saevitiae
1137 2333 1354 2383 modum.

493 2394 676 2448 Verum
700 2412 750 2449 te
773 2400 1048 2452 Dominum
1072 2419 1172 2451 non
1199 2398 1350 2468 Lybie
1367 2397 1545 2457 modb,
1576 2428 1580 2435 ι

493 2464 588 2515 Sed
610 2465 915 2537 quascunque
935 2468 1087 2537 plagas
1106 2468 1170 2520 sol
1192 2465 1493 2525 habitabiles,

493 2528 846 2605 Neptunusque
864 2535 972 2588 sinu
985 2537 1228 2597 continet,
1249 2539 1299 2589 in
1324 2535 1496 2606 quibus

750 2607 925 2657 Laurus
947 2607 1114 2659 Martis
1134 2608 1324 2658 acinace
1337 2643 1351 2666 ,

493 2673 556 2726 Et
577 2673 744 2726 sudore
766 2674 880 2724 Tuo
904 2674 1096 2735 nobilis,
1110 2674 1283 2744 aspicit.

491 2743 652 2797 Moles
679 2743 918 2796 Herculeo
937 2743 1162 2795 lemmate
1182 2741 1364 2795 nobiles

493 2810 647 2871 Ausu,
668 2808 700 2862 ὂ
713 2815 914 2879 Magne!
943 2813 1088 2871 Tuae,
1109 2831 1210 2864 non
1228 2810 1444 2864 imitabili

747 2882 882 2933 Dum
908 2879 1032 2934 bello
1057 2879 1224 2949 subigis
1248 2898 1406 2940 mare,

493 2947 689 2999 Virtutis
712 2947 920 3017 superas,
945 2968 1047 3002 non
1071 2949 1217 3018 fragili
1239 2965 1407 3001 tenens

490 3014 647 3068 Clavo
664 3033 821 3084 regna.
889 3017 1151 3069 Thronum
1174 3017 1466 3071 contremuit
1491 3014 1661 3070 Tuum

490 3083 710 3138 Fortuna:
729 3084 888 3138 levitas
902 3124 916 3145 ‚
932 3102 1038 3154 quae
1060 3087 1166 3139 vice
1188 3085 1366 3138 lubrica

746 3153 901 3206 Illudit
921 3154 1190 3207 diademati.

489 3219 583 3272 Sed
607 3239 756 3290 cogor
775 3224 949 3275 meritis
972 3240 1150 3292 ponere
1173 3223 1444 3275 terminum

490 3289 712 3341 Laudum
736 3292 986 3368 proloquijs
1009 3291 1333 3344 HERCULIS
1354 3290 1649 3365 AUSTRIJ,

491 3359 593 3427 Qi
615 3376 699 3427 per
717 3378 889 3429 magna
908 3360 974 3412 su1
993 3358 1189 3412 fascibus
1209 3356 1382 3428 Imperi

745 3431 1003 3484 AEternum
1020 3428 1186 3483 tribuit
1210 3429 1367 3499 decuse
