2457 3961
448 138 657 187 Fundere
685 134 986 191 Threicium‚
1009 130 1260 201 lunataque
1281 136 1480 186 sternere
1501 139 1668 189 castra:

447 207 543 254 Vos
569 201 837 259 bellatores,
862 220 946 254 vos
975 220 1140 252 murus
1162 205 1368 254 aheneus
1392 204 1518 255 orbis

447 271 672 324 Germani
700 272 903 329 Martes,
927 272 1047 322 tanti
1065 273 1117 323 &
1140 288 1241 338 pars
1268 290 1438 339 magna
1463 275 1655 326 Gradivi

445 338 730 390 Pannonidae
756 337 914 396 fortes,
926 355 1009 407 per
1032 358 1151 408 quos
1174 338 1296 391 bene
1319 342 1556 393 Maximus
1578 344 1715 395 armis

442 407 666 458 CAESAR
688 422 800 458 ovat
821 407 956 458 lituos
978 409 1101 460 inter
1121 406 1378 476 fractasque
1401 408 1602 471 stcureS,

444 477 557 526 Hoc
582 475 782 542 gaudete
801 476 902 534 die,
925 478 1006 544 qui
1030 477 1178 529 vincit
1200 478 1358 528 saecula
1381 495 1581 530 centum

439 544 698 610 JOSEPHI
724 544 918 602 merito,
942 545 1135 616 Mcggno
1160 547 1361 612 gaudete
1384 547 1586 618 Nepote.

439 613 573 663 Hinc
594 613 643 662 in
664 613 734 663 Te
756 611 879 663 Urbs
904 611 1144 665 Flaviana
1167 614 1330 681 triplex
1353 615 1694 669 Thaumantias
1719 616 1795 667 Iris

442 682 684 738 Exoritur,
725 699 875 748 nuper
896 681 1083 749 <lepida
1113 701 1278 733 cruore
1301 686 1559 746 Getarum3

439 743 790 817 Affurgt'intque
814 752 985 808 Arcus,
1004 753 1168 801 veteris
1193 752 1413 803 miracula
1437 752 1631 811 mundi,

437 818 598 884 Atque
621 817 951 885 Triumphales
972 818 1188 877 rutilant,
1213 838 1302 871 ceu
1323 820 1504 889 fulgura
1527 823 1699 882 Fore-<133

436 887 862 944 CAESAREIQUE
886 887 1070 938 vehunt
1090 888 1263 939 SOLIS
1289 888 1471 957 fulgore
1490 891 1742 959 Quadriga:

435 957 680 1008 Auroram
703 956 910 1025 Regum,
932 955 1089 1013 laur0,
1112 952 1405 1025 gemmisque
1430 959 1685 1010 coruscam.

435 1025 549 1075 Hoc
594 1024 853 1074 Mahomet
876 1024 1137 1076 construxit
1159 1043 1303 1093 opuS,
1337 1020 1529 1096 fixisque
1551 1028 1792 1096 trophaeiS,

432 1092 683 1143 Mausolaea
702 1091 766 1142 sui
788 1093 932 1144 erexit
944 1109 1028 1160 pro
1051 1093 1215 1145 funere
1235 1095 1400 1161 Regni.

431 1161 523 1213 Sed
548 1163 663 1228 quid
684 1161 840 1211 adhuc
862 1161 1089 1226 superest,
1115 1162 1246 1230 quod
1271 1164 1486 1214 Nomina
1497 1164 1773 1234 CAESARIS
1798 1165 1989 1235 aequet?

432 1229 575 1280 Unde
599 1228 656 1280 illi
679 1244 859 1280 aeternae
883 1227 1084 1297 flagrent
1105 1232 1324 1283 incendia
1351 1232 1514 1284 famae?

430 1295 601 1349 Gloria
625 1313 893 1350 tercentum
920 1297 1074 1349 minus
1099 1300 1164 1350 est
1179 1337 1191 1357 ‚
1215 1299 1246 1351 si
1267 1313 1407 1351 tanta
1433 1301 1646 1353 Coloffos

429 1365 674 1434 Sculplerit
688 1404 701 1425 ,
724 1369 775 1418 &
802 1367 1076 1436 quicunque
1099 1368 1228 1419 locus
1251 1368 1327 1420 vel
1348 1367 1463 1421 bella
1484 1387 1755 1439 gerentem,

428 1427 812 1503 Vincente'mque
835 1434 968 1494 tulit,
988 1439 1118 1504 pario
1138 1438 1324 1505 vestigia
1350 1439 1458 1489 saxo

426 1503 663 1571 Signavit3
686 1504 759 1556 vel
783 1500 862 1554 ubi
884 1509 976 1571 jam
1001 1504 1139 1556 millia
1160 1507 1459 1573 Pyramidum
1484 1508 1627 1567 stant,

425 1573 671 1623 Marmora
696 1587 773 1624 tot
793 1571 906 1640 figat
921 1610 934 1632 ‚
954 1590 1075 1642 quot
1099 1573 1247 1626 ubivis
1269 1576 1419 1643 praelia
1445 1578 1577 1628 vidit.

424 1643 476 1691 O
501 1642 704 1692 utinam!
733 1660 810 1692 me
833 1642 984 1692 Parca
1008 1643 1105 1694 dies
1131 1645 1367 1696 concedat
1388 1647 1437 1696 in
1461 1645 1558 1696 illos

424 1709 619 1767 Vivere,
647 1713 696 1762 &
723 1710 850 1760 haud
874 1711 991 1761 visos
1014 1709 1116 1761 orbi
1140 1712 1344 1779 spectare
1363 1713 1680 1783 Triumphos!

423 1776 552 1830 Cum
576 1779 646 1829 ‘Te
669 1779 901 1830 vietorem
928 1779 1177 1834 Bizantia
1202 1799 1337 1848 capta
1364 1781 1592 1850 stupebit,

422 1841 656 1915 Vie'taque
681 1845 871 1897 suffoffis
894 1845 1176 1900 succumbet
1201 1853 1379 1901 Graecia
1404 1852 1559 1902 muris.

420 1915 558 1967 Dum
579 1912 697 1966 ‘Tibi
721 1915 920 1984 praesago
940 1915 1004 1967 fic
1029 1935 1231 1986 auguror
1254 1920 1417 1971 omine
1440 1921 1601 1978 Vates,

419 1985 497 2035 De
520 1982 927 2041 Nabathaeorum,
951 1984 1245 2052 lachrymant
1268 1985 1347 2038 ubi
1372 1988 1592 2043 balsama,
1614 1986 1774 2055 sylvis,

420 2053 573 2103 Trans
596 2052 765 2104 Nilum
781 2093 795 2111 ,
817 2053 951 2104 fulvis
977 2051 1058 2105 ubi
1080 2054 1249 2107 labitur
1268 2059 1480 2108 Hermus
1501 2058 1673 2115 arenis,

420 2121 629 2173 Pendere
648 2121 871 2189 veetigal,
890 2123 1086 2191 pretiosa
1106 2123 1280 2175 tributa
1310 2126 1518 2184 Sabaeos,

418 2191 753 2258 Cappadoces,
771 2191 961 2249 Cilices,
985 2187 1300 2261 Phrygiosque
1321 2194 1481 2246 afferre
1502 2191 1690 2246 videbo,

418 2260 547 2310 Cum
570 2259 689 2310 ‘libi
708 2258 964 2310 fumabunt
982 2260 1214 2312 Panchaeo
1235 2261 1388 2314 altaria
1413 2263 1578 2322 thure,

416 2321 957 2395 Posteritasquestzcrum
979 2328 1176 2388 facient,
1196 2334 1246 2382 &
1266 2329 1501 2382 habebere
1524 2334 1725 2383 Primm,

416 2398 582 2448 Divos
603 2397 724 2446 inter
747 2397 992 2465 Caesareos,
1019 2394 1096 2449 cui
1121 2398 1346 2467 supplicet
1370 2400 1524 2451 Orbis,

415 2466 562 2516 Fortis
584 2465 869 2523 Alexander,
890 2467 1158 2532 Pompeius,
1179 2471 1230 2520 &
1258 2466 1497 2520 Hannibal
1515 2486 1662 2524 acres,

416 2535 677 2601 Augustus,
692 2533 837 2591 Felix,
862 2535 1248 2587 LEOPOLDUS
1272 2540 1323 2589 &
1346 2539 1508 2588 omnia
1529 2538 1778 2597 CAESAR;

413 2606 484 2653 Ut
508 2603 676 2670 dignus
700 2600 848 2660 Solio,
872 2601 935 2654 fic
959 2602 1098 2671 longe
1126 2605 1311 2673 dignior
1335 2607 1498 2665 Astris,

413 2671 517 2720 Post
532 2670 625 2721 fata
651 2669 881 2723 aeternum
907 2688 1067 2722 tamen
1089 2691 1198 2731 ore,
1219 2678 1270 2725 δε
1293 2675 1484 2741 ρεὲὶοῑε
1509 2676 1649 2726 vives.

412 2739 620 2790 Hercule
642 2745 789 2808 major
806 2741 914 2796 eris,
947 2745 1094 2808 major
1116 2743 1227 2792 Tua
1247 2743 1403 2794 Gloria
1431 2745 1620 2794 mundo
1635 2779 1648 2802 ,

409 2809 472 2858 Et
495 2807 656 2857 Carolo
680 2813 824 2876 major
840 2845 854 2865 ,
877 2809 952 2859 Te
967 2810 1064 2875 ipso
1087 2829 1184 2878 quo
1223 2810 1279 2861 ue
1303 2813 1569 2864 CAESARE
1591 2814 1753 2882 major.

411 2877 683 2927 Lustrorum
704 2877 852 2926 Caesar
878 2876 945 2927 bis
969 2830 1379 2947 quinqueineatior
1403 2882 1557 2939 annis,

411 2946 471 2995 Et
497 2945 634 3000 Puta,
660 2947 709 2994 δε
733 2946 950 3013 Sapiens,
977 2938 1227 3013 &Justmz
1255 2949 1404 3000 form
1428 2966 1474 2999 es
1497 2949 1655 3000 idem:

407 3013 514 3080 Jam
534 3014 874 3081 quinquaginta
902 3014 1082 3064 donasti
1108 3014 1325 3082 stragibus
1348 3035 1518 3077 annos;

408 3085 570 3144 Qem
593 3099 694 3132 non
716 3082 835 3131 sacra
856 3080 959 3131 Tm
977 3099 1229 3149 perterreat
1252 3085 1313 3134 ira
1338 3083 1584 3143 Gradivi,

408 3146 702 3218 Heroasque‚
724 3141 974 3217 Ducesque
997 3169 1054 3201 ex
1073 3149 1294 3219 languine
1311 3153 1437 3204 Semi
1450 3188 1463 3195 -
1477 3156 1706 3204 Deorum.

406 3219 528 3269 Non
550 3221 638 3276 est,
661 3236 745 3269 cur
763 3219 964 3269 totidem
987 3237 1195 3286 pugnes,
1221 3223 1330 3288 quia
1354 3224 1547 3273 vincere
1567 3225 1728 3273 vidior

406 3288 540 3350 Quid
558 3287 737 3356 posses?
760 3288 824 3338 est
848 3281 925 3339 cuii
950 3304 1077 3341 totus
1100 3291 1313 3341 vadam
1336 3289 1553 3342 mundus.

1914 3402 2361 3597 MA-
