2457 3961
574 100 1771 216 PRUDENTIA

220 223 1415 427 ΙΜΡΕΚΑἹΟΚΊζιἹὶΙΞξΞῑέ
1466 240 2133 337 VIRTUTUM

444 536 448 539 ’
507 539 630 609 ss‘ssigV
631 555 729 592 erte
748 538 908 593 [τειᾶίέ
921 543 1078 603 Roma
1097 544 1409 600 marmoribus
1434 549 1518 603 feri

443 599 478 651 *εἷ
506 597 556 633 Ψ
839 611 1008 664 Everte
1023 613 1163 680 Regis
1177 618 1314 667 atria:

435 678 604 730 Everte
626 677 874 744 Memphis
888 718 904 737 ,
942 699 1054 748 quas
1076 684 1165 733 tuis
1180 686 1430 751 quondam
1451 689 1551 760 Dijs

689 746 898 798 Perenne
922 750 1032 800 stare
1044 750 1228 818 jusseras

434 812 711 881 Pyramidas.
747 815 858 866 Ister
872 835 1047 885 nempe
1072 837 1172 870 non
1199 820 1334 873 aliam
1362 821 1496 876 sacrae

686 883 867 935 Adorat
878 887 1006 937 AEdis
1032 887 1305 949 Praesidem,

433 948 535 1001 Nisi
551 951 993 1005 AUSTRIORUM
1019 957 1165 1024 Regia
1185 976 1347 1012 natam
1375 961 1616 1018 Arbitram

683 1019 759 1072 Te
783 1023 930 1082 Diva,
951 1025 1025 1075 Te
1056 1027 1329 1079 Prudentia!

431 1087 614 1139 Miraris
629 1103 733 1139 aetas
756 1091 929 1156 prisca?
963 1094 1227 1160 posthumae
1251 1096 1380 1165 lege,

683 1158 803 1223 Vide
822 1197 839 1217 ,
875 1160 1080 1229 stupesce
1101 1180 1335 1232 tempora.

426 1222 503 1274 Est
529 1225 767 1277 DOMUS
791 1227 849 1278 ab
875 1230 1052 1298 Aquilis
1064 1231 1281 1291 celebris,
1308 1239 1359 1287 δέ
1378 1234 1564 1291 laudem
1585 1241 1734 1310 quoc'ss

680 1294 845 1347 Traxit
865 1299 925 1349 ab
938 1301 1230 1356 ALAUDIS.
1253 1304 1464 1357 Sanffius

424 1360 610 1429 Regina
637 1361 804 1431 spirans
830 1367 1030 1419 Numen
1053 1365 1131 1420 hic
1159 1371 1399 1439 sceptrum
1418 1390 1545 1428 rotat

677 1431 867 1502 Vigilic'p
893 1437 1053 1503 pensat
1081 1438 1260 1490 lumine

424 1496 684 1550 Momenta
704 1500 871 1569 Regni.
933 1506 1071 1556 Num
1102 1508 1208 1559 ense
1227 1508 1348 1561 felici
1374 1508 1548 1564 arbitro

678 1571 909 1622 Gradivus
932 1592 1060 1625 arma
1087 1579 1359 1644 provehat?

421 1632 609 1704 Civesq5
622 1638 742 1705 justa
766 1639 899 1692 lance
924 1644 1200 1696 moderetur
1224 1648 1463 1706 Themis?

671 1707 807 1770 Num
821 1710 1293 1782 Res-avitis-pubh'cae

418 1768 629 1825 Pronum
655 1793 825 1829 renatae
853 1778 1033 1848 legibus
1056 1783 1225 1835 tollant
1249 1791 1421 1854 caput?

697 1845 772 1897 Sic
795 1848 958 1916 Regna
984 1851 1120 1903 caute
1143 1853 1362 1921 despicit,

417 1906 617 1978 Partesq3
634 1912 681 1962 in
712 1933 879 1967 ornnes
902 1920 1061 1970 Praeses
1085 1922 1301 1974 excubias
1325 1940 1492 1992 agens,

678 1983 882 2036 Consilia
906 1988 1094 2056 Regum
1119 2007 1351 2059 temperat:
1366 2032 1382 2050 ,

419 2044 615 2116 Legesq;
639 2051 801 2103 dierat.
873 2057 987 2107 Hoc
1012 2058 1071 2108 ab
1092 2061 1305 2128 Augusto
1332 2064 1449 2114 Lare

672 2121 775 2172 Tot
803 2126 1014 2194 prodijffe
1037 2131 1240 2180 maxima

413 2181 645 2238 Mavortis
667 2188 810 2242 hodie
831 2193 1043 2246 Fulmina
1067 2199 1247 2249 Heroe's
1273 2198 1419 2268 liquet
1436 2237 1452 2260 ‚

670 2260 811 2319 Quot
831 2263 982 2314 nostra
1008 2268 1166 2333 magni
1194 2272 1400 2321 nominis

412 2320 594 2373 Austria
612 2329 833 2395 remensis
856 2333 1052 2384 Caesares
1074 2337 1190 2386 ceris
1211 2336 1350 2404 legit,

666 2397 813 2461 Qeis
840 2399 927 2449 ulla
950 2404 1026 2452 vix
1051 2404 1291 2465 Felicitas,

413 2456 668 2511 Innumera
693 2463 766 2514 sed
792 2467 1052 2521 Prudentia
1073 2471 1230 2541 elapfis
1253 2476 1379 2527 retro

667 2532 904 2601 Trophaea
933 2537 1076 2590 lustris
1097 2542 1300 2595 contulit
1315 2583 1331 2602 ,

414 2594 473 2644 Et
498 2597 556 2647 ad
588 2599 854 2669 triumphos
868 2608 1041 2674 regiam
1066 2611 1254 2662 domito
1279 2615 1411 2666 viam

666 2671 716 2719 N
722 2672 841 2723 iveas
867 2679 1108 2746 quadrigas
1131 2697 1386 2749 praeparans

409 2732 607 2798 Aperuit:
629 2736 773 2791 hoste.
862 2743 1046 2798 Scilicet
1070 2767 1169 2799 non
1187 2766 1283 2802 tam
1307 2754 1418 2813 viri,

665 2808 839 2875 Reges,
858 2813 1025 2880 sagacis
1048 2815 1225 2885 ingenii

408 2868 651 2924 Affzaecrone
675 2912 686 2932 ‚
706 2879 849 2944 quam
876 2883 1080 2936 Ratione
1093 2887 1326 2941 confundi
1345 2890 1412 2943 sui

660 2945 837 3012 Hostes*
851 2948 1057 3005 sciebant
1070 2955 1270 3023 Imperii.

410 3006 540 3058 Hinc
559 3009 709 3062 Caesar
727 3015 809 3066 etsi
826 3036 1005 3073 nomen
1021 3024 1209 3076 lavisti
1237 3027 1368 3089 tulit,

659 3084 757 3134 Aut
781 3085 1020 3157 Gloriosus
1041 3093 1221 3162 audijt‘3

404 3144 503 3194 Aut
521 3146 745 3218 Magnus
762 3153 865 3219 ipfis
888 3159 1224 3221 inieruitAstris
1243 3174 1415 3235 caput?

658 3218 920 3288 Respondit
945 3247 1090 3281 omen
1112 3236 1325 3293 nomini,

403 3279 447 3330 Si
470 3281 664 3348 pulchra
688 3290 877 3357 Sapiens
899 3294 1022 3348 saera
1046 3300 1241 3370 consilijs
1264 3304 1447 3370 probet.

656 3356 1001 3415 LEOPOLDE
1025 3369 1175 3433 prime
1204 3373 1459 3428 Caesarum!

400 3417 517 3471 Hoc
534 3423 636 3488 jure
657 3423 868 3479 Primum
893 3435 1111 3486 vendicas
1135 3437 1220 3489 tibi
1241 3441 1409 3506 decus;

657 3493 787 3546 Nam
807 3498 958 3564 prima
989 3504 1073 3555 dos
1096 3506 1345 3561 Prudentia

1078 3573 1170 3642 133
2119 3592 2188 3641 Ut
