2457 3961
117 216 242 268 dum'
253 213 453 266 militem
466 213 596 267 exuit
605 252 621 272 ,
637 213 910 288 praedonem
922 212 1096 273 induit,
1105 213 1249 269 etiam
1260 213 1524 278 vidioriam,
1534 235 1684 287 quam
1693 219 1901 288 arripuit,
1915 214 2104 273 amittit.
2126 221 2249 274 Petit

116 285 167 337 id
179 283 265 336 sibi
276 283 477 352 vidtorijs
488 284 765 335 Constantia
775 280 1075 352 obsequium,
1087 299 1142 336 ut
1159 283 1324 342 etiam,
1335 282 1451 338 cum
1463 286 1752 340 debellatum
1765 288 1844 349 est,
1856 308 1987 342 arma
1997 290 2250 345 serventur.

291 417 456 471 Habet
467 419 564 471 hoc
577 418 1111 488 specialeconstans‚ut,
1133 434 1368 488 quantam
1396 417 1512 472 dese
1543 423 1769 490 concepit:
1783 423 2030 485 fiduciam,
2059 442 2252 480 tantum

119 489 320 541 incutiat
331 490 559 540 timorem
572 487 723 546 hosti,
744 490 796 539 &
808 487 976 539 cedere
985 502 1144 556 cogat,
1155 488 1273 540 dum
1282 507 1383 540 non
1395 489 1536 541 cedit.
1570 491 1805 559 Agesilaus
1820 493 1934 546 cum
1955 496 2255 548 Macedoniae

119 556 293 609 finibus
307 575 426 608 cum
445 557 651 609 exercitu
675 556 973 615 immineret,
997 574 1080 624 per
1099 556 1274 624 legatos
1298 557 1327 609 a
1342 558 1475 625 Rege
1495 560 1654 627 petijt,
1680 577 1895 628 pacatam
1910 599 1923 621 ,
1954 581 2014 614 an
2037 564 2255 616 hostilem

120 643 293 678 terram
305 626 415 678 esset
430 625 736 681 tranfiturus?
756 625 789 675 is
800 622 913 675 cum
926 622 1291 678 deliberaturum
1312 626 1356 676 se
1380 626 1678 694 respondisset
1696 666 1712 687 ,
1745 627 1962 682 deliberet
1974 668 1987 690 ,
2012 632 2258 702 inquiebat

121 694 385 762 Agesilaus,
409 713 491 745 nos
514 694 712 745 interim
737 706 849 743 tran
870 711 1044 745 eamus.
1077 693 1146 762 (r)
1179 693 1393 745 Territus
1412 696 1464 745 ed
1477 696 1786 762 generositate
1808 699 1911 749 Rex
1925 699 2121 752 liberum
2136 738 2148 760 ‚
2176 719 2259 770 pa-

121 757 380 831 catumque
395 762 644 814 transitum
654 760 857 813 indulsit.
887 762 998 814 Nec
1009 766 1160 831 major
1174 762 1246 813 illa
1260 756 1453 814 Senatus
1467 765 1671 814 Romani
1686 766 1944 818 constantia
1956 769 2259 837 fuit,quando

122 832 321 899 Popilius
335 831 441 882 data
455 830 701 882 Antiocho
713 827 1062 898 epistoliijuffit3
1087 847 1140 882 ut
1151 834 1410 885 exercitum
1424 833 1634 901 AEgypto
1645 851 1931 895 removeret3
1957 855 2046 889 nec
2060 838 2262 890 inhiaret

121 918 269 968 regno
281 900 524 951 Ptolomaei
536 899 686 953 liberis
697 897 876 951 debito,
899 899 1047 951 Lesta
1058 901 1162 951 Rex
1177 899 1298 951 urbis
1312 900 1560 951 voluntate
1581 903 1905 969 cogitaturum
1918 904 1960 955 se
1980 906 2123 964 dixit,
2145 906 2262 973 quid

123 968 253 1021 facto
266 988 410 1035 opus3
429 985 536 1019 tum
556 968 757 1037 Popilius
768 967 896 1036 virga
908 969 949 1019 ei
959 968 1190 1020 circulum
1207 968 1589 1020 circumscribens
1612 970 1902 1028 asseveraratt
1920 972 2030 1025 huic
2056 972 2262 1042 inststens

122 1036 216 1089 loco
230 1038 487 1105 responfitm
500 1032 644 1092 dabis.
681 1038 748 1104 (s)
781 1036 1013 1089 Perculsus
1028 1039 1133 1088 Rex
1155 1039 1381 1105 imperata
1404 1039 1446 1089 se
1469 1039 1705 1090 fasturum
1733 1039 2000 1108 spopondit.
2081 1044 2263 1110 Magna

124 1107 380 1158 constantis
391 1107 604 1158 securitas
616 1107 704 1164 cst,
727 1124 831 1173 quae
846 1106 988 1158 etiam
1005 1108 1189 1174 potenti
1202 1107 1464 1175 periculum
1477 1108 1600 1158 facit.
1638 1111 1761 1171 Qae
1776 1111 1936 1175 caepic,
1954 1110 2092 1163 novit
2110 1110 2264 1178 prose-

125 1177 206 1243 qui
222 1174 407 1227 conscia
421 1175 506 1227 fibi
518 1176 679 1234 virtus,
692 1172 937 1243 vincitque
955 1175 1192 1226 adversam
1210 1192 1392 1242 partem
1405 1176 1625 1244 hocipsO,
1642 1178 1773 1245 quod
1786 1178 1969 1229 insistat.
2009 1180 2159 1242 Qiod
2172 1179 2263 1229 for-

123 1247 233 1297 titer
242 1245 525 1297 inchoatum
538 1245 721 1303 est‚non
733 1246 797 1295 est
808 1244 977 1312 ignave
990 1243 1317 1303 deserendum,
1329 1263 1390 1295 ne
1402 1245 1544 1296 hostis
1556 1246 1725 1298 audere
1736 1247 1941 1314 incipiat,
1954 1246 2068 1299 cum
2079 1247 2259 1300 desinis.

297 1383 393 1450 Ipsa
414 1382 535 1434 adeo
554 1381 761 1449 Justitia,
793 1398 899 1449 quae
922 1397 1235 1433 manutenere
1249 1381 1391 1441 solet,
1413 1397 1469 1433 ut
1491 1383 1637 1434 virtus
1660 1381 1743 1439 sit,
1771 1382 1796 1433 a
1819 1384 2095 1435 Constantia
2118 1383 2264 1436 debet

126 1453 437 1503 manuteneri.
474 1453 606 1503 Hinc
618 1469 718 1501 non
731 1450 886 1501 minus
897 1448 1011 1515 juste
1023 1489 1039 1508 ,
1063 1450 1208 1518 quam
1220 1452 1487 1501 constanter
1498 1453 1594 1519 egit
1606 1452 1920 1503 Ferdinandus
1933 1452 2265 1521 Hispaniarum

130 1522 235 1571 Rex
257 1559 273 1578 ,
314 1521 509 1588 quando
546 1520 699 1587 legem
733 1518 973 1586 poenalem
993 1555 1008 1576 ‚
1049 1537 1194 1587 quam
1224 1520 1274 1570 in
1319 1521 1511 1571 Petrum
1549 1520 1771 1572 Consalvi
1820 1523 1987 1589 Magni
2029 1538 2265 1590 nepotem

127 1588 319 1648 tulerat,
335 1587 609 1642 inviolatam
622 1588 851 1639 defendit.
894 1586 1140 1639 Violatum
1165 1588 1324 1639 Petrus
1347 1588 1489 1657 officij
1517 1589 1691 1656 publici
1720 1589 1975 1641 hominem
1986 1630 2001 1649 ,
2027 1585 2267 1643 vinclum-

128 1676 222 1726 que
235 1657 586 1724 Mondelliam(
601 1655 708 1708 urbs
721 1673 820 1708 erat
833 1656 892 1707 ab
903 1674 1008 1707 arce
1021 1656 1327 1708 munitissima
1341 1696 1356 1715 ,
1380 1661 1433 1709 δε
1451 1659 1719 1709 marmoreis
1732 1656 1932 1727 aedificijs
1948 1659 2092 1711 totius
2107 1661 2265 1710 Patriae

128 1728 344 1795 princeps
357 1728 379 1793 )
392 1727 638 1795 perduxit:
668 1727 800 1794 quod
817 1725 998 1776 facinus
1009 1724 1124 1777 cum
1137 1726 1452 1778 ferdinandus
1464 1727 1602 1777 armis
1615 1728 1852 1778 vindicare
1866 1728 2082 1779 statuisset
2094 1765 2108 1786 ,
2129 1730 2267 1780 Con-

130 1796 236 1847 salvi
254 1797 421 1863 Magni
432 1794 648 1864 precibus
660 1795 1091 1862 mitigatusPetrum
1103 1793 1161 1845 ad
1172 1795 1420 1847 decimum
1435 1794 1494 1847 ab
1506 1796 1607 1847 aula
1620 1795 1808 1848 milliare
1819 1796 2105 1864 relegavit‚&
2117 1800 2268 1847 Mon-

130 1865 313 1916 delliam
327 1865 539 1916 funditus
560 1866 704 1916 everti
710 1863 868 1931 juffit3
889 1879 942 1915 ut
955 1880 1134 1931 aequata
1154 1862 1252 1915 solo
1271 1880 1523 1933 perpetuus
1539 1866 1663 1933 apud
1686 1866 1902 1917 Proceres
1918 1864 2028 1916 esset
2050 1867 2184 1933 regiae
2206 1866 2267 1918 se-

130 1936 333 1984 veritatis
345 1935 480 1987 testis.
548 1933 866 1986 Inter-cesserat
887 1933 1145 1986 Consalvus
1159 1972 1175 1992 ,
1200 1948 1255 1984 ut
1267 1949 1470 2000 paternae
1484 1935 1666 1986 virtutis
1680 1951 2016 1993 monumentO,
2031 1928 2268 2003 natalique

130 2002 227 2054 solo
238 2019 313 2055 tot
325 2000 585 2071 sumptibus
600 2002 833 2054 aedificato
850 2018 1140 2070 parceretur:
1164 2001 1443 2054 accesserant
1456 2004 1619 2071 Legati
1649 2002 1814 2054 Gallici
1835 2004 2159 2071 deprecatores
2171 2042 2186 2062 ,
2207 2021 2270 2054 ae-

129 2090 282 2139 quum
294 2073 536 2124 censentes
548 2093 561 2134 3
575 2087 628 2123 ut
641 2108 654 2130 ,
678 2073 759 2139 qui
774 2087 974 2123 centum
987 2070 1124 2122 urbes
1136 2108 1149 2129 ,
1183 2067 1527 2141 innumeraque
1541 2073 1714 2140 oppida
1729 2089 1815 2139 pro
1835 2074 1966 2140 Rege
1977 2072 2273 2140 occupassem

131 2143 165 2191 is
177 2157 349 2193 mutuo
363 2159 561 2192 munere
572 2157 827 2209 paternum
849 2141 1082 2209 oppidum
1099 2141 1382 2208 impetraret.
1469 2141 1559 2191 Sed
1584 2141 1687 2190 Rex
1710 2140 1939 2199 invidus,
1965 2159 2069 2209 quae
2091 2142 2269 2200 statuit,

128 2209 360 2261 observari
373 2210 525 2261 voluit
535 2247 549 2268 ,
564 2214 617 2262 δε
630 2245 643 2268 ,
668 2228 730 2261 ne
741 2211 766 2260 a
778 2210 836 2276 Ju
845 2211 970 2261 stitiae
981 2210 1243 2260 constantia
1255 2209 1453 2261 severior
1464 2209 1757 2267 crederetur,
1784 2227 1870 2277 pro
1885 2209 2144 2262 Mondellia
2156 2228 2271 2277 pau-

131 2296 212 2330 cos
224 2279 346 2329 intra
364 2280 460 2330 dies
472 2280 625 2330 eversa
638 2280 823 2329 Loxam
839 2278 1005 2331 urbem
1017 2278 1255 2330 Consalvo
1269 2277 1598 2347 possidendam
1619 2279 1831 2330 donavit.
1866 2279 1932 2346 (t)
1967 2279 2040 2330 Sic
2051 2279 2144 2329 est:
2167 2296 2270 2330 non

130 2348 197 2399 est
209 2349 509 2400 emendanda
523 2349 622 2406 lex,
637 2365 742 2415 quae
757 2348 844 2406 est,
866 2364 920 2399 ut
945 2349 1189 2399 emendet.
1227 2349 1393 2415 Iniqua
1416 2349 1482 2399 est
1501 2348 1729 2416 aequitatis
1747 2347 1988 2406 conditi0‚
2019 2347 2052 2398 si
2079 2347 2271 2398 deficiat

130 2418 244 2486 justa
259 2418 304 2467 in
317 2435 418 2468 reos
436 2435 577 2484 poena
589 2456 604 2476 ,
627 2421 678 2467 ἃ
691 2416 1069 2485 delinquentium
1082 2418 1222 2467 duret
1232 2433 1395 2467 reatus.
1431 2417 1533 2478 Q
1552 2415 1740 2468 causam
1752 2416 1981 2467 statuendi
1996 2415 2179 2475 habuit,
2190 2417 2271 2468 sta-

133 2501 238 2537 tuta
249 2503 384 2554 urget
394 2523 408 2545 ,
427 2489 550 2537 dum
564 2502 724 2537 manet
735 2486 868 2536 causa
883 2507 897 2548 3
921 2503 981 2537 ne
992 2485 1074 2537 fiat
1086 2502 1312 2554 patronus
1324 2485 1528 2537 criminis
1538 2523 1556 2544 ,
1580 2486 1662 2554 qui
1674 2485 1825 2536 fuerat
1844 2486 2032 2538 vindex.

303 2624 401 2674 Pari
419 2623 600 2674 ratione
614 2622 862 2673 Prudentia
878 2622 959 2673 sibi
972 2627 1040 2690 jus
1053 2622 1343 2691 perennandi
1356 2622 1588 2675 vendicat.
1664 2622 1809 2673 Solon
1824 2621 1938 2673 cum
1961 2621 2085 2689 leges
2106 2621 2273 2673 diffici-

135 2692 197 2744 les
209 2729 221 2750 ‚
247 2691 323 2743 sed
336 2691 596 2743 necessarias
611 2691 897 2759 Reipublicae
912 2691 1042 2743 bono
1056 2692 1350 2751 condidisset,
1361 2690 1764 2760 abijtspontaneus
1776 2691 1880 2742 exul
1893 2708 1908 2751 3
1930 2710 1990 2742 ne
2001 2692 2177 2743 civium
2196 2710 2273 2759 ro-

134 2777 249 2830 gatu
262 2759 483 2829 abrogare
495 2777 743 2828 cogeretur
767 2761 936 2829 ahquas
951 2762 1079 2812 idem
1093 2798 1106 2820 ,
1130 2761 1212 2828 qui
1237 2761 1454 2813 condidit
1475 2781 1489 2821 ς
1526 2763 1578 2812 &
1589 2797 1602 2818 ,
1628 2761 1747 2811 dum
1769 2759 1913 2811 facilis
1939 2760 2085 2811 videri
2108 2759 2272 2817 vellet,

134 2829 535 2881 inconstanseffet.
604 2830 845 2897 Sapienter
867 2830 1100 2881 Pausanias
1121 2830 1412 2888 Plistonaeci,
1431 2848 1516 2881 cur
1536 2828 1715 2880 nullam
1727 2847 1783 2879 ex
1797 2828 1947 2897 priscis
1958 2827 2135 2896 legibus
2147 2827 2275 2896 apud

135 2901 385 2966 Spartanos
399 2900 639 2966 antiquare
651 2904 719 2966 jus
731 2900 839 2950 esset
850 2937 863 2957 ‚
886 2900 1132 2968 quaerenti,
1153 2899 1414 2967 respondit:
1439 2897 1586 2974 Qod
1593 2900 1724 2949 cives
1737 2900 1791 2948 in
1802 2898 2020 2966 potestate
2031 2895 2183 2968 legum
2196 2896 2276 2965 effe

137 2982 371 3039 oporteat,
393 2987 485 3018 non
501 2973 554 3018 1⁷72
569 2970 757 3018 civium
770 2968 896 3038 leges.
932 2969 1010 3034 (u)
1045 2969 1146 3037 Qi
1160 2968 1428 3035 multislege
1441 2965 1635 3019 condita
1656 2967 1925 3017 consultum
1937 2966 2110 3024 voluit,
2131 2965 2276 3015 serva·

137 3039 185 3088 ti
199 3037 432 3093 consulat:
460 3054 519 3087 ne
531 3074 545 3093 ‚
565 3037 683 3088 dum
698 3036 848 3104 legem
863 3035 1082 3105 abrogat,
1099 3037 1261 3087 virtuti
1274 3038 1483 3104 deroget.
1527 3036 1573 3087 Si
1585 3034 1938 3089 deliberandum
1952 3035 2017 3085 est
2027 3035 2126 3091 diu,
2140 3032 2274 3100 quod

138 3107 444 3158 statuendum
458 3106 522 3157 est
536 3104 689 3159 semel,
703 3106 1004 3157 retinendum
1017 3106 1082 3156 est
1093 3105 1272 3172 semper
1283 3142 1296 3163 ,
1316 3106 1449 3173 quod
1473 3105 1698 3155 statutum
1713 3104 1777 3154 est
1787 3102 1954 3155 semel:
1979 3102 2212 3154 imbecille
2224 3119 2275 3152 e-

137 3177 238 3226 nim
254 3176 469 3232 dixerim,
488 3175 621 3242 quod
633 3174 805 3224 diutius
826 3176 1104 3241 parturitur,
1120 3176 1265 3242 quam
1288 3190 1475 3258 partum
1489 3174 1619 3225 vivit.
1692 3170 2040 3229 Recitaturlex,
2053 3189 2154 3222 non
2164 3187 2275 3237 pro-

141 3245 394 3312 mulgatur,
406 3261 509 3311 quae
524 3245 600 3295 vix
612 3242 698 3293 lata
710 3279 723 3300 ,
731 3248 831 3311 jam
842 3243 1013 3295 sublata
1030 3262 1128 3293 non
1142 3243 1341 3310 amplius
1356 3240 1546 3309 obligat.
1614 3238 1785 3292 Facilis’
1796 3240 1948 3313 legum
1958 3276 1972 3297 ‚
1988 3258 2082 3312 qua
2092 3251 2274 3294 extant,

139 3315 193 3364 in
206 3332 358 3364 novas
371 3314 694 3370 commutatio,
708 3326 936 3363 naturam
948 3313 1059 3383 lega
1072 3310 1301 3376 infirmat.
1325 3312 1400 3378 (x)
1435 3312 1533 3361 Lex
1551 3311 1726 3377 quippe
1738 3328 1839 3360 non
1851 3311 1932 3366 est,
1946 3326 2049 3376 quae
2061 3325 2160 3358 non
2174 3324 2276 3357 cor-

140 3384 269 3449 rigit,
291 3383 368 3434 sed
387 3382 644 3448 corrigitur.
715 3382 886 3431 Erroris
909 3380 1217 3449 suspicionem
1230 3380 1358 3437 facit,
1372 3380 1477 3447 qui,
1500 3380 1647 3430 etiam
1658 3380 1789 3446 quod
1802 3378 2027 3446 sapienter
2029 3374 2185 3444 jusfit,
2203 3390 2272 3424 re-

141 3467 308 3512 vocat3
327 3469 386 3501 an
399 3451 528 3501 enim
543 3448 766 3500 emendes
778 3487 793 3506 ,
820 3468 879 3499 an
893 3450 1125 3500 immutes
1137 3486 1151 3505 ,
1175 3450 1275 3515 quis
1287 3449 1548 3504 discernet?
1563 3447 1822 3498 Prudentiae
1836 3446 2033 3514 proinde
2047 3445 2133 3494 erit
2143 3478 2157 3501 ‚
2171 3459 2273 3492 non

142 3535 239 3570 tam
254 3519 475 3571 servanda
492 3518 739 3586 praecipere
753 3556 769 3575 ,
791 3517 936 3584 quam
951 3532 1183 3585 praecepta
1198 3517 1490 3569 conservare:
1520 3516 1675 3580 neque
1686 3518 1813 3566 enirn
1827 3516 1891 3565 est
1901 3516 2064 3571 virtus,
2076 3527 2180 3580 quae
2190 3525 2275 3577 pet

143 3589 508 3641 inconstantiam
516 3587 760 3655 elanguet,
780 3602 974 3640 autnon
988 3602 1146 3704 tuetfulr
1158 3603 1210 3635 ea
1224 3622 1236 3643 ,
1258 3603 1363 3653 quae
1376 3585 1628 3652 aliquando
1647 3585 1902 3653 prudenter
1916 3583 2136 3700 fuerunt}
2194 3644 2208 3662 x

1152 3669 1183 3705 2
1929 3685 1933 3690 ·
2137 3662 2273 3700 erum
