<?xml version="1.0" encoding="UTF-8"?>
<!DOCTYPE html PUBLIC "-//W3C//DTD XHTML 1.0 Transitional//EN"
    "http://www.w3.org/TR/xhtml1/DTD/xhtml1-transitional.dtd">
<html xmlns="http://www.w3.org/1999/xhtml" xml:lang="en" lang="en">
 <head>
  <title>
</title>
<meta http-equiv="Content-Type" content="text/html;charset=utf-8" />
  <meta name='ocr-system' content='tesseract 3.04.00' />
  <meta name='ocr-capabilities' content='ocr_page ocr_carea ocr_par ocr_line ocrx_word'/>
</head>
<body>
  <div class='ocr_page' id='page_1' title='image "./regiavirtutumser00garz_0053.png"; bbox 0 0 2457 3961; ppageno 0'>
   <div class='ocr_carea' id='block_1_1' title="bbox 641 385 1749 476">
    <p class='ocr_par' dir='ltr' id='par_1_1' title="bbox 641 385 1749 476">
     <span class='ocr_line' id='line_1_1' title="bbox 641 385 1749 476; baseline 0.005 -6"><span class='ocrx_word' id='word_1_1' title='bbox 641 386 1068 472; x_wconf 86' lang='lat' dir='ltr'><em>RANDI</em></span> <span class='ocrx_word' id='word_1_2' title='bbox 1113 385 1749 476; x_wconf 62' lang='lat' dir='ltr'><em>FELICITAS.</em></span> 
     </span>
    </p>
   </div>
   <div class='ocr_carea' id='block_1_2' title="bbox 168 540 1802 3595">
    <p class='ocr_par' dir='ltr' id='par_1_2' title="bbox 168 540 1802 3595">
     <span class='ocr_line' id='line_1_2' title="bbox 304 540 1704 638; baseline 0.003 -18.991"><span class='ocrx_word' id='word_1_3' title='bbox 301 549 357 641; x_wconf 59' lang='grc' dir='ltr'>ξ’</span> <span class='ocrx_word' id='word_1_4' title='bbox 405 556 696 622; x_wconf 57' lang='lat' dir='ltr'>vousTRlA</span> <span class='ocrx_word' id='word_1_5' title='bbox 717 604 731 626; x_wconf 93' lang='lat'><strong>,</strong></span> <span class='ocrx_word' id='word_1_6' title='bbox 755 584 866 620; x_wconf 83' lang='lat' dir='ltr'>cura</span> <span class='ocrx_word' id='word_1_7' title='bbox 890 561 1054 622; x_wconf 65' lang='lat' dir='ltr'>Dedm</span> <span class='ocrx_word' id='word_1_8' title='bbox 1073 606 1086 628; x_wconf 97' lang='lat'>‚</span> <span class='ocrx_word' id='word_1_9' title='bbox 1122 568 1255 636; x_wconf 77' lang='lat' dir='ltr'>largae</span> <span class='ocrx_word' id='word_1_10' title='bbox 1275 569 1481 638; x_wconf 87' lang='lat' dir='ltr'>genuina</span> <span class='ocrx_word' id='word_1_11' title='bbox 1501 569 1704 625; x_wconf 85' lang='lat' dir='ltr'>Parentis</span> 
     </span>
     <span class='ocr_line' id='line_1_3' title="bbox 300 625 1507 695; baseline 0.002 -7"><span class='ocrx_word' id='word_1_12' title='bbox 300 625 393 688; x_wconf 56' lang='grc' dir='ltr'>ἶιῗὲᾱ</span> <span class='ocrx_word' id='word_1_13' title='bbox 410 644 448 665; x_wconf 79' lang='lat'>·‘</span> <span class='ocrx_word' id='word_1_14' title='bbox 540 636 645 689; x_wconf 82' lang='lat' dir='ltr'>Filia</span> <span class='ocrx_word' id='word_1_15' title='bbox 666 673 681 695; x_wconf 90' lang='lat'>‚</span> <span class='ocrx_word' id='word_1_16' title='bbox 717 635 964 689; x_wconf 86' lang='lat' dir='ltr'>munificas</span> <span class='ocrx_word' id='word_1_17' title='bbox 986 639 1108 690; x_wconf 84' lang='lat' dir='ltr'>inter</span> <span class='ocrx_word' id='word_1_18' title='bbox 1130 637 1350 689; x_wconf 85' lang='lat' dir='ltr'>habenda</span> <span class='ocrx_word' id='word_1_19' title='bbox 1373 640 1507 690; x_wconf 86' lang='lat' dir='ltr'>Deas.</span> 
     </span>
     <span class='ocr_line' id='line_1_4' title="bbox 292 705 1802 774; baseline 0.005 -18"><span class='ocrx_word' id='word_1_20' title='bbox 292 706 581 757; x_wconf 82' lang='lat' dir='ltr'>AUSTRIA</span> <span class='ocrx_word' id='word_1_21' title='bbox 604 741 618 765; x_wconf 91' lang='lat'>,</span> <span class='ocrx_word' id='word_1_22' title='bbox 653 721 845 773; x_wconf 81' lang='lat' dir='ltr'>gemma</span> <span class='ocrx_word' id='word_1_23' title='bbox 866 705 946 757; x_wconf 89' lang='lat' dir='ltr'>soli</span> <span class='ocrx_word' id='word_1_24' title='bbox 971 744 988 766; x_wconf 93' lang='lat'><em>,</em></span> <span class='ocrx_word' id='word_1_25' title='bbox 1025 707 1264 774; x_wconf 85' lang='lat' dir='ltr'>pereuntis</span> <span class='ocrx_word' id='word_1_26' title='bbox 1290 710 1340 759; x_wconf 87' lang='lat'><strong>&amp;</strong></span> <span class='ocrx_word' id='word_1_27' title='bbox 1361 707 1570 759; x_wconf 80' lang='lat' dir='ltr'>anchora</span> <span class='ocrx_word' id='word_1_28' title='bbox 1592 710 1761 762; x_wconf 84' lang='lat' dir='ltr'>mundi</span> <span class='ocrx_word' id='word_1_29' title='bbox 1780 744 1802 770; x_wconf 82' lang='lat'><em>,</em></span> 
     </span>
     <span class='ocr_line' id='line_1_5' title="bbox 461 773 1644 843; baseline 0.004 -19"><span class='ocrx_word' id='word_1_30' title='bbox 461 774 573 842; x_wconf 86' lang='lat' dir='ltr'>Spes</span> <span class='ocrx_word' id='word_1_31' title='bbox 594 773 758 843; x_wconf 86' lang='lat' dir='ltr'>populi</span> <span class='ocrx_word' id='word_1_32' title='bbox 783 812 797 833; x_wconf 96' lang='lat'>,</span> <span class='ocrx_word' id='word_1_33' title='bbox 849 774 1025 827; x_wconf 86' lang='lat' dir='ltr'>vindex</span> <span class='ocrx_word' id='word_1_34' title='bbox 1045 775 1277 827; x_wconf 83' lang='lat' dir='ltr'><strong>Numinis</strong></span> <span class='ocrx_word' id='word_1_35' title='bbox 1297 810 1310 834; x_wconf 93' lang='lat'>,</span> <span class='ocrx_word' id='word_1_36' title='bbox 1346 774 1470 827; x_wconf 86' lang='lat' dir='ltr'>orbis</span> <span class='ocrx_word' id='word_1_37' title='bbox 1495 794 1644 829; x_wconf 83' lang='lat' dir='ltr'>amor.</span> 
     </span>
     <span class='ocr_line' id='line_1_6' title="bbox 289 840 1496 910; baseline 0.003 -17"><span class='ocrx_word' id='word_1_38' title='bbox 289 840 371 893; x_wconf 90' lang='lat' dir='ltr'>Tu</span> <span class='ocrx_word' id='word_1_39' title='bbox 392 840 600 894; x_wconf 80' lang='lat' dir='ltr'>Pandora</span> <span class='ocrx_word' id='word_1_40' title='bbox 625 844 840 894; x_wconf 83' lang='lat' dir='ltr'>Deorum</span> <span class='ocrx_word' id='word_1_41' title='bbox 864 878 878 902; x_wconf 89' lang='lat'><strong>,</strong></span> <span class='ocrx_word' id='word_1_42' title='bbox 913 861 1032 910; x_wconf 89' lang='lat' dir='ltr'>opus</span> <span class='ocrx_word' id='word_1_43' title='bbox 1053 847 1105 895; x_wconf 86' lang='lat'><strong>&amp;</strong></span> <span class='ocrx_word' id='word_1_44' title='bbox 1128 842 1336 896; x_wconf 84' lang='lat' dir='ltr'>mirabile</span> <span class='ocrx_word' id='word_1_45' title='bbox 1357 845 1456 897; x_wconf 85' lang='lat' dir='ltr'>caeli</span> <span class='ocrx_word' id='word_1_46' title='bbox 1477 882 1496 906; x_wconf 83' lang='lat'>,</span> 
     </span>
     <span class='ocr_line' id='line_1_7' title="bbox 459 910 1389 982; baseline 0.001 -20"><span class='ocrx_word' id='word_1_47' title='bbox 459 913 581 963; x_wconf 87' lang='lat' dir='ltr'>Diva</span> <span class='ocrx_word' id='word_1_48' title='bbox 603 927 775 978; x_wconf 88' lang='lat' dir='ltr'>potens</span> <span class='ocrx_word' id='word_1_49' title='bbox 797 911 985 964; x_wconf 66' lang='lat' dir='ltr'>cuntstis</span> <span class='ocrx_word' id='word_1_50' title='bbox 1009 910 1256 965; x_wconf 81' lang='lat' dir='ltr'>nobilitata</span> <span class='ocrx_word' id='word_1_51' title='bbox 1280 914 1389 982; x_wconf 88' lang='lat' dir='ltr'>Dijs.</span> 
     </span>
     <span class='ocr_line' id='line_1_8' title="bbox 287 978 1497 1050; baseline 0.002 -19"><span class='ocrx_word' id='word_1_52' title='bbox 287 981 366 1032; x_wconf 84' lang='lat' dir='ltr'>An</span> <span class='ocrx_word' id='word_1_53' title='bbox 391 978 516 1032; x_wconf 76' lang='lat' dir='ltr'>forte</span> <span class='ocrx_word' id='word_1_54' title='bbox 540 979 747 1033; x_wconf 88' lang='lat' dir='ltr'>insolitos</span> <span class='ocrx_word' id='word_1_55' title='bbox 770 979 1050 1050; x_wconf 83' lang='lat' dir='ltr'>pudibunda</span> <span class='ocrx_word' id='word_1_56' title='bbox 1070 982 1238 1035; x_wconf 82' lang='lat' dir='ltr'>vereris</span> <span class='ocrx_word' id='word_1_57' title='bbox 1263 981 1497 1035; x_wconf 86' lang='lat' dir='ltr'>honores?</span> 
     </span>
     <span class='ocr_line' id='line_1_9' title="bbox 454 1048 1576 1120; baseline 0.003 -19"><span class='ocrx_word' id='word_1_58' title='bbox 454 1050 516 1102; x_wconf 85' lang='lat' dir='ltr'>Et</span> <span class='ocrx_word' id='word_1_59' title='bbox 536 1048 669 1119; x_wconf 78' lang='lat' dir='ltr'>quod</span> <span class='ocrx_word' id='word_1_60' title='bbox 692 1069 793 1101; x_wconf 90' lang='lat' dir='ltr'>non</span> <span class='ocrx_word' id='word_1_61' title='bbox 820 1050 1005 1101; x_wconf 80' lang='lat' dir='ltr'>meritas</span> <span class='ocrx_word' id='word_1_62' title='bbox 1030 1051 1247 1119; x_wconf 76' lang='lat' dir='ltr'>prodigae</span> <span class='ocrx_word' id='word_1_63' title='bbox 1280 1052 1391 1102; x_wconf 82' lang='lat' dir='ltr'>Axis</span> <span class='ocrx_word' id='word_1_64' title='bbox 1416 1069 1529 1120; x_wconf 85' lang='lat' dir='ltr'>opes</span> <span class='ocrx_word' id='word_1_65' title='bbox 1548 1052 1576 1109; x_wconf 66' lang='grc' dir='ltr'>ἒ</span> 
     </span>
     <span class='ocr_line' id='line_1_10' title="bbox 286 1117 1429 1188; baseline 0 -18"><span class='ocrx_word' id='word_1_66' title='bbox 286 1118 453 1187; x_wconf 79' lang='lat' dir='ltr'>Regna</span> <span class='ocrx_word' id='word_1_67' title='bbox 475 1133 636 1170; x_wconf 86' lang='lat' dir='ltr'>renata</span> <span class='ocrx_word' id='word_1_68' title='bbox 655 1117 807 1186; x_wconf 85' lang='lat' dir='ltr'>stupes</span> <span class='ocrx_word' id='word_1_69' title='bbox 834 1155 848 1176; x_wconf 91' lang='lat'>‚</span> <span class='ocrx_word' id='word_1_70' title='bbox 883 1118 963 1170; x_wconf 87' lang='lat' dir='ltr'>illis</span> <span class='ocrx_word' id='word_1_71' title='bbox 984 1119 1186 1188; x_wconf 66' lang='lat' dir='ltr'>Regesq3</span> <span class='ocrx_word' id='word_1_72' title='bbox 1208 1135 1393 1171; x_wconf 81' lang='lat' dir='ltr'>renatos</span> <span class='ocrx_word' id='word_1_73' title='bbox 1415 1136 1429 1179; x_wconf 81' lang='lat'>3</span> 
     </span>
     <span class='ocr_line' id='line_1_11' title="bbox 455 1186 1579 1257; baseline 0.001 -19"><span class='ocrx_word' id='word_1_74' title='bbox 455 1189 517 1239; x_wconf 79' lang='lat' dir='ltr'>Et</span> <span class='ocrx_word' id='word_1_75' title='bbox 534 1203 616 1239; x_wconf 89' lang='lat' dir='ltr'>tua</span> <span class='ocrx_word' id='word_1_76' title='bbox 639 1187 770 1256; x_wconf 79' lang='lat' dir='ltr'>quod</span> <span class='ocrx_word' id='word_1_77' title='bbox 796 1186 944 1238; x_wconf 63' lang='lat' dir='ltr'>solum</span> <span class='ocrx_word' id='word_1_78' title='bbox 968 1203 1192 1257; x_wconf 86' lang='lat' dir='ltr'>tempora</span> <span class='ocrx_word' id='word_1_79' title='bbox 1223 1187 1373 1240; x_wconf 84' lang='lat' dir='ltr'>laurus</span> <span class='ocrx_word' id='word_1_80' title='bbox 1395 1204 1525 1239; x_wconf 81' lang='lat' dir='ltr'>amet</span> <span class='ocrx_word' id='word_1_81' title='bbox 1551 1188 1579 1245; x_wconf 70' lang='grc' dir='ltr'>’ἑ</span> 
     </span>
     <span class='ocr_line' id='line_1_12' title="bbox 283 1254 1592 1317; baseline 0 -9"><span class='ocrx_word' id='word_1_82' title='bbox 283 1254 458 1308; x_wconf 62' lang='lat' dir='ltr'>Caelica</span> <span class='ocrx_word' id='word_1_83' title='bbox 475 1275 537 1308; x_wconf 90' lang='lat' dir='ltr'>ne</span> <span class='ocrx_word' id='word_1_84' title='bbox 556 1255 751 1307; x_wconf 86' lang='lat' dir='ltr'>dubiam</span> <span class='ocrx_word' id='word_1_85' title='bbox 775 1255 861 1307; x_wconf 85' lang='lat' dir='ltr'>tibi</span> <span class='ocrx_word' id='word_1_86' title='bbox 881 1257 1083 1309; x_wconf 84' lang='lat' dir='ltr'>reddant</span> <span class='ocrx_word' id='word_1_87' title='bbox 1107 1274 1310 1309; x_wconf 87' lang='lat' dir='ltr'>munera</span> <span class='ocrx_word' id='word_1_88' title='bbox 1336 1274 1554 1310; x_wconf 86' lang='lat' dir='ltr'>mentem</span> <span class='ocrx_word' id='word_1_89' title='bbox 1574 1273 1592 1317; x_wconf 68' lang='grc' dir='ltr'><strong><em>ς</em></strong></span> 
     </span>
     <span class='ocr_line' id='line_1_13' title="bbox 455 1324 1563 1394; baseline 0 -18"><span class='ocrx_word' id='word_1_90' title='bbox 455 1325 575 1376; x_wconf 86' lang='lat' dir='ltr'>Sunt</span> <span class='ocrx_word' id='word_1_91' title='bbox 595 1342 650 1376; x_wconf 87' lang='lat' dir='ltr'>ea</span> <span class='ocrx_word' id='word_1_92' title='bbox 671 1360 686 1385; x_wconf 88' lang='lat'>,</span> <span class='ocrx_word' id='word_1_93' title='bbox 720 1324 828 1377; x_wconf 89' lang='lat' dir='ltr'>sunt</span> <span class='ocrx_word' id='word_1_94' title='bbox 853 1326 1027 1378; x_wconf 83' lang='lat' dir='ltr'>meritis</span> <span class='ocrx_word' id='word_1_95' title='bbox 1049 1343 1247 1377; x_wconf 83' lang='lat' dir='ltr'>munera</span> <span class='ocrx_word' id='word_1_96' title='bbox 1268 1327 1411 1394; x_wconf 80' lang='lat' dir='ltr'>digna</span> <span class='ocrx_word' id='word_1_97' title='bbox 1431 1327 1563 1380; x_wconf 88' lang='lat' dir='ltr'>Tuis.</span> 
     </span>
     <span class='ocr_line' id='line_1_14' title="bbox 283 1391 1659 1466; baseline 0.001 -19"><span class='ocrx_word' id='word_1_98' title='bbox 283 1393 463 1447; x_wconf 83' lang='lat' dir='ltr'><em>Multa</em></span> <span class='ocrx_word' id='word_1_99' title='bbox 485 1394 614 1461; x_wconf 80' lang='lat' dir='ltr'><em>capit</em></span> <span class='ocrx_word' id='word_1_100' title='bbox 631 1432 648 1452; x_wconf 84' lang='lat'><em>,</em></span> <span class='ocrx_word' id='word_1_101' title='bbox 693 1395 781 1466; x_wconf 75' lang='lat' dir='ltr'>qui</span> <span class='ocrx_word' id='word_1_102' title='bbox 802 1398 957 1445; x_wconf 81' lang='lat' dir='ltr'><em>multa</em></span> <span class='ocrx_word' id='word_1_103' title='bbox 977 1393 1110 1445; x_wconf 80' lang='lat' dir='ltr'><em>dedit</em></span> <span class='ocrx_word' id='word_1_104' title='bbox 1135 1413 1145 1445; x_wconf 76' lang='lat' dir='ltr'>z</span> <span class='ocrx_word' id='word_1_105' title='bbox 1180 1395 1302 1447; x_wconf 88' lang='lat' dir='ltr'>Non</span> <span class='ocrx_word' id='word_1_106' title='bbox 1320 1395 1547 1446; x_wconf 77' lang='lat' dir='ltr'>vincitur</span> <span class='ocrx_word' id='word_1_107' title='bbox 1568 1391 1659 1448; x_wconf 67' lang='lat' dir='ltr'>uffo</span> 
     </span>
     <span class='ocr_line' id='line_1_15' title="bbox 451 1459 1359 1534; baseline -0.001 -20"><span class='ocrx_word' id='word_1_108' title='bbox 451 1461 681 1533; x_wconf 80' lang='lat' dir='ltr'>Largiter</span> <span class='ocrx_word' id='word_1_109' title='bbox 700 1462 836 1534; x_wconf 84' lang='lat' dir='ltr'>effuso</span> <span class='ocrx_word' id='word_1_110' title='bbox 858 1459 1037 1531; x_wconf 80' lang='lat' dir='ltr'>largior</span> <span class='ocrx_word' id='word_1_111' title='bbox 1064 1480 1144 1514; x_wconf 77' lang='lat' dir='ltr'>aere</span> <span class='ocrx_word' id='word_1_112' title='bbox 1165 1462 1359 1515; x_wconf 74' lang='lat' dir='ltr'>DELlS.</span> 
     </span>
     <span class='ocr_line' id='line_1_16' title="bbox 280 1528 1543 1600; baseline 0.001 -19"><span class='ocrx_word' id='word_1_113' title='bbox 280 1528 357 1582; x_wconf 88' lang='lat' dir='ltr'>Te</span> <span class='ocrx_word' id='word_1_114' title='bbox 377 1530 486 1582; x_wconf 87' lang='lat' dir='ltr'>Tua</span> <span class='ocrx_word' id='word_1_115' title='bbox 504 1531 665 1581; x_wconf 84' lang='lat' dir='ltr'>dextra</span> <span class='ocrx_word' id='word_1_116' title='bbox 689 1528 800 1582; x_wconf 87' lang='lat' dir='ltr'>beat</span> <span class='ocrx_word' id='word_1_117' title='bbox 822 1567 836 1588; x_wconf 91' lang='lat'><em>‚</em></span> <span class='ocrx_word' id='word_1_118' title='bbox 870 1531 979 1582; x_wconf 90' lang='lat' dir='ltr'>Tua</span> <span class='ocrx_word' id='word_1_119' title='bbox 1000 1529 1077 1583; x_wconf 88' lang='lat' dir='ltr'>Te</span> <span class='ocrx_word' id='word_1_120' title='bbox 1094 1530 1333 1600; x_wconf 84' lang='lat' dir='ltr'>dispendia</span> <span class='ocrx_word' id='word_1_121' title='bbox 1353 1530 1543 1592; x_wconf 75' lang='lat' dir='ltr'>ditant3</span> 
     </span>
     <span class='ocr_line' id='line_1_17' title="bbox 447 1597 1321 1668; baseline 0 -18"><span class='ocrx_word' id='word_1_122' title='bbox 447 1598 576 1667; x_wconf 57' lang='lat' dir='ltr'>Este„</span> <span class='ocrx_word' id='word_1_123' title='bbox 603 1600 725 1667; x_wconf 80' lang='lat' dir='ltr'>seges</span> <span class='ocrx_word' id='word_1_124' title='bbox 747 1597 881 1668; x_wconf 84' lang='lat' dir='ltr'>sparsi</span> <span class='ocrx_word' id='word_1_125' title='bbox 904 1600 1087 1652; x_wconf 87' lang='lat' dir='ltr'>seminis</span> <span class='ocrx_word' id='word_1_126' title='bbox 1110 1601 1190 1651; x_wconf 87' lang='lat' dir='ltr'>ista</span> <span class='ocrx_word' id='word_1_127' title='bbox 1211 1600 1321 1652; x_wconf 84' lang='lat' dir='ltr'>Tui.</span> 
     </span>
     <span class='ocr_line' id='line_1_18' title="bbox 276 1666 1389 1737; baseline -0.001 -17"><span class='ocrx_word' id='word_1_128' title='bbox 276 1668 474 1737; x_wconf 79' lang='lat' dir='ltr'>Augusti</span> <span class='ocrx_word' id='word_1_129' title='bbox 510 1666 672 1719; x_wconf 84' lang='lat' dir='ltr'>Effusis</span> <span class='ocrx_word' id='word_1_130' title='bbox 706 1667 967 1737; x_wconf 82' lang='lat' dir='ltr'>Implorant</span> <span class='ocrx_word' id='word_1_131' title='bbox 1002 1670 1183 1719; x_wconf 81' lang='lat' dir='ltr'>Omnia</span> <span class='ocrx_word' id='word_1_132' title='bbox 1218 1669 1351 1720; x_wconf 85' lang='lat' dir='ltr'>Votis</span> <span class='ocrx_word' id='word_1_133' title='bbox 1371 1706 1389 1726; x_wconf 94' lang='lat'><em>,</em></span> 
     </span>
     <span class='ocr_line' id='line_1_19' title="bbox 448 1736 1598 1805; baseline 0.001 -17"><span class='ocrx_word' id='word_1_134' title='bbox 448 1738 644 1804; x_wconf 78' lang='lat' dir='ltr'>Augusti</span> <span class='ocrx_word' id='word_1_135' title='bbox 679 1736 913 1804; x_wconf 78' lang='lat' dir='ltr'><strong>Exemplis</strong></span> <span class='ocrx_word' id='word_1_136' title='bbox 947 1739 1208 1805; x_wconf 84' lang='lat' dir='ltr'><strong>Imperium</strong></span> <span class='ocrx_word' id='word_1_137' title='bbox 1243 1739 1411 1790; x_wconf 85' lang='lat' dir='ltr'>Omne</span> <span class='ocrx_word' id='word_1_138' title='bbox 1443 1736 1598 1805; x_wconf 82' lang='lat' dir='ltr'>Viget.</span> 
     </span>
     <span class='ocr_line' id='line_1_20' title="bbox 276 1802 1390 1865; baseline -0.001 -8"><span class='ocrx_word' id='word_1_139' title='bbox 276 1808 380 1858; x_wconf 82' lang='lat' dir='ltr'>Arae</span> <span class='ocrx_word' id='word_1_140' title='bbox 402 1821 477 1857; x_wconf 88' lang='lat' dir='ltr'>tot</span> <span class='ocrx_word' id='word_1_141' title='bbox 501 1802 682 1858; x_wconf 66' lang='lat' dir='ltr'>Divum</span> <span class='ocrx_word' id='word_1_142' title='bbox 709 1845 724 1864; x_wconf 94' lang='lat'><em>,</em></span> <span class='ocrx_word' id='word_1_143' title='bbox 763 1808 862 1858; x_wconf 89' lang='lat' dir='ltr'>veri</span> <span class='ocrx_word' id='word_1_144' title='bbox 882 1823 960 1858; x_wconf 85' lang='lat' dir='ltr'>tot</span> <span class='ocrx_word' id='word_1_145' title='bbox 981 1808 1210 1858; x_wconf 84' lang='lat' dir='ltr'>Numinis</span> <span class='ocrx_word' id='word_1_146' title='bbox 1236 1808 1355 1858; x_wconf 70' lang='lat' dir='ltr'>aedes</span> <span class='ocrx_word' id='word_1_147' title='bbox 1376 1842 1390 1865; x_wconf 92' lang='lat'>,</span> 
     </span>
     <span class='ocr_line' id='line_1_21' title="bbox 446 1867 1539 1944; baseline -0.001 -18"><span class='ocrx_word' id='word_1_148' title='bbox 446 1874 632 1944; x_wconf 67' lang='lat' dir='ltr'>Sacrac&#39;p</span> <span class='ocrx_word' id='word_1_149' title='bbox 655 1875 889 1927; x_wconf 85' lang='lat' dir='ltr'>sacrorum</span> <span class='ocrx_word' id='word_1_150' title='bbox 908 1875 1111 1944; x_wconf 87' lang='lat' dir='ltr'>plurima</span> <span class='ocrx_word' id='word_1_151' title='bbox 1131 1875 1319 1927; x_wconf 82' lang='lat' dir='ltr'>claustra</span> <span class='ocrx_word' id='word_1_152' title='bbox 1340 1867 1539 1937; x_wconf 63' lang='lat' dir='ltr'>virunu</span> 
     </span>
     <span class='ocr_line' id='line_1_22' title="bbox 276 1943 1386 2013; baseline -0.002 -16"><span class='ocrx_word' id='word_1_153' title='bbox 276 1946 495 2012; x_wconf 68' lang='lat' dir='ltr'>Augustae</span> <span class='ocrx_word' id='word_1_154' title='bbox 521 1944 655 1995; x_wconf 84' lang='lat' dir='ltr'>dotes</span> <span class='ocrx_word' id='word_1_155' title='bbox 677 1981 694 2003; x_wconf 92' lang='lat'><em>,</em></span> <span class='ocrx_word' id='word_1_156' title='bbox 731 1943 895 2012; x_wconf 78' lang='lat' dir='ltr'>regalia</span> <span class='ocrx_word' id='word_1_157' title='bbox 920 1944 1128 2013; x_wconf 84' lang='lat' dir='ltr'>symbola</span> <span class='ocrx_word' id='word_1_158' title='bbox 1160 1945 1347 2012; x_wconf 88' lang='lat' dir='ltr'>templis</span> <span class='ocrx_word' id='word_1_159' title='bbox 1369 1981 1386 2002; x_wconf 92' lang='lat'><em>,</em></span> 
     </span>
     <span class='ocr_line' id='line_1_23' title="bbox 447 2012 1474 2065; baseline -0.003 0"><span class='ocrx_word' id='word_1_160' title='bbox 447 2012 674 2065; x_wconf 80' lang='lat' dir='ltr'>Clamant</span> <span class='ocrx_word' id='word_1_161' title='bbox 697 2013 948 2065; x_wconf 81' lang='lat' dir='ltr'>munificas</span> <span class='ocrx_word' id='word_1_162' title='bbox 974 2014 1160 2065; x_wconf 66' lang='lat' dir='ltr'>Caesaris</span> <span class='ocrx_word' id='word_1_163' title='bbox 1183 2012 1269 2064; x_wconf 86' lang='lat' dir='ltr'>effe</span> <span class='ocrx_word' id='word_1_164' title='bbox 1294 2029 1474 2065; x_wconf 78' lang='lat' dir='ltr'>manus.</span> 
     </span>
     <span class='ocr_line' id='line_1_24' title="bbox 276 2081 1310 2150; baseline -0.005 -14"><span class='ocrx_word' id='word_1_165' title='bbox 276 2083 366 2136; x_wconf 84' lang='lat' dir='ltr'>Pro</span> <span class='ocrx_word' id='word_1_166' title='bbox 390 2082 467 2134; x_wconf 87' lang='lat' dir='ltr'>Te</span> <span class='ocrx_word' id='word_1_167' title='bbox 489 2083 697 2147; x_wconf 72' lang='lat' dir='ltr'>Virginei</span> <span class='ocrx_word' id='word_1_168' title='bbox 721 2081 952 2150; x_wconf 71' lang='lat' dir='ltr'>pulsantes</span> <span class='ocrx_word' id='word_1_169' title='bbox 973 2083 1086 2133; x_wconf 84' lang='lat' dir='ltr'>astra</span> <span class='ocrx_word' id='word_1_170' title='bbox 1110 2081 1272 2134; x_wconf 83' lang='lat' dir='ltr'>coloffi</span> <span class='ocrx_word' id='word_1_171' title='bbox 1294 2120 1310 2140; x_wconf 90' lang='lat'>‚</span> 
     </span>
     <span class='ocr_line' id='line_1_25' title="bbox 444 2148 1449 2219; baseline -0.002 -17"><span class='ocrx_word' id='word_1_172' title='bbox 444 2151 533 2202; x_wconf 90' lang='lat' dir='ltr'>Pro</span> <span class='ocrx_word' id='word_1_173' title='bbox 552 2148 629 2202; x_wconf 90' lang='lat' dir='ltr'>Te</span> <span class='ocrx_word' id='word_1_174' title='bbox 652 2167 900 2219; x_wconf 88' lang='lat' dir='ltr'>promotus</span> <span class='ocrx_word' id='word_1_175' title='bbox 925 2151 1126 2218; x_wconf 75' lang='lat' dir='ltr'>Virginis</span> <span class='ocrx_word' id='word_1_176' title='bbox 1150 2167 1253 2202; x_wconf 81' lang='lat' dir='ltr'>orat</span> <span class='ocrx_word' id='word_1_177' title='bbox 1278 2151 1449 2201; x_wconf 85' lang='lat' dir='ltr'>honos.</span> 
     </span>
     <span class='ocr_line' id='line_1_26' title="bbox 275 2218 1462 2289; baseline -0.003 -17"><span class='ocrx_word' id='word_1_178' title='bbox 275 2220 518 2289; x_wconf 86' lang='lat' dir='ltr'>Pauperies</span> <span class='ocrx_word' id='word_1_179' title='bbox 536 2219 764 2272; x_wconf 84' lang='lat' dir='ltr'>foecunda</span> <span class='ocrx_word' id='word_1_180' title='bbox 789 2221 904 2270; x_wconf 85' lang='lat' dir='ltr'>Tuo</span> <span class='ocrx_word' id='word_1_181' title='bbox 925 2218 1040 2271; x_wconf 85' lang='lat' dir='ltr'>Tibi</span> <span class='ocrx_word' id='word_1_182' title='bbox 1063 2237 1261 2271; x_wconf 83' lang='lat' dir='ltr'>munere</span> <span class='ocrx_word' id='word_1_183' title='bbox 1285 2219 1462 2287; x_wconf 84' lang='lat' dir='ltr'>palmas</span> 
     </span>
     <span class='ocr_line' id='line_1_27' title="bbox 444 2286 1520 2357; baseline -0.001 -17"><span class='ocrx_word' id='word_1_184' title='bbox 444 2289 545 2340; x_wconf 84' lang='lat' dir='ltr'>Has</span> <span class='ocrx_word' id='word_1_185' title='bbox 567 2290 712 2357; x_wconf 83' lang='lat' dir='ltr'>parit,</span> <span class='ocrx_word' id='word_1_186' title='bbox 735 2293 786 2340; x_wconf 86' lang='lat'>&amp;</span> <span class='ocrx_word' id='word_1_187' title='bbox 809 2307 895 2357; x_wconf 88' lang='lat' dir='ltr'>pro</span> <span class='ocrx_word' id='word_1_188' title='bbox 920 2290 995 2340; x_wconf 89' lang='lat' dir='ltr'>Te</span> <span class='ocrx_word' id='word_1_189' title='bbox 1023 2287 1141 2341; x_wconf 85' lang='lat' dir='ltr'>bella</span> <span class='ocrx_word' id='word_1_190' title='bbox 1163 2288 1364 2341; x_wconf 84' lang='lat' dir='ltr'>secunda</span> <span class='ocrx_word' id='word_1_191' title='bbox 1388 2286 1520 2356; x_wconf 82' lang='lat' dir='ltr'>gerit.</span> 
     </span>
     <span class='ocr_line' id='line_1_28' title="bbox 273 2356 1433 2425; baseline -0.002 -15"><span class='ocrx_word' id='word_1_192' title='bbox 273 2356 557 2410; x_wconf 87' lang='lat' dir='ltr'>Immortale</span> <span class='ocrx_word' id='word_1_193' title='bbox 578 2356 692 2409; x_wconf 86' lang='lat' dir='ltr'>Tibi</span> <span class='ocrx_word' id='word_1_194' title='bbox 719 2373 906 2409; x_wconf 87' lang='lat' dir='ltr'>nomen</span> <span class='ocrx_word' id='word_1_195' title='bbox 930 2376 1012 2425; x_wconf 88' lang='lat' dir='ltr'>per</span> <span class='ocrx_word' id='word_1_196' title='bbox 1035 2358 1154 2416; x_wconf 84' lang='lat' dir='ltr'>tela,</span> <span class='ocrx_word' id='word_1_197' title='bbox 1176 2375 1259 2424; x_wconf 83' lang='lat' dir='ltr'>per</span> <span class='ocrx_word' id='word_1_198' title='bbox 1281 2356 1433 2414; x_wconf 84' lang='lat' dir='ltr'>enses,</span> 
     </span>
     <span class='ocr_line' id='line_1_29' title="bbox 444 2426 1447 2494; baseline 0.003 -19"><span class='ocrx_word' id='word_1_199' title='bbox 444 2428 568 2487; x_wconf 81' lang='lat' dir='ltr'>Qae</span> <span class='ocrx_word' id='word_1_200' title='bbox 591 2426 709 2478; x_wconf 87' lang='lat' dir='ltr'>ditat</span> <span class='ocrx_word' id='word_1_201' title='bbox 731 2429 937 2477; x_wconf 86' lang='lat' dir='ltr'>Martem</span> <span class='ocrx_word' id='word_1_202' title='bbox 963 2427 1153 2478; x_wconf 85' lang='lat' dir='ltr'>dextera</span> <span class='ocrx_word' id='word_1_203' title='bbox 1175 2427 1296 2494; x_wconf 81' lang='lat' dir='ltr'>larga</span> <span class='ocrx_word' id='word_1_204' title='bbox 1318 2426 1447 2478; x_wconf 80' lang='lat' dir='ltr'>facit.</span> 
     </span>
     <span class='ocr_line' id='line_1_30' title="bbox 271 2493 1562 2562; baseline -0.002 -16"><span class='ocrx_word' id='word_1_205' title='bbox 271 2494 349 2546; x_wconf 83' lang='lat' dir='ltr'>Sic</span> <span class='ocrx_word' id='word_1_206' title='bbox 367 2494 506 2561; x_wconf 76' lang='lat' dir='ltr'>mage</span> <span class='ocrx_word' id='word_1_207' title='bbox 529 2493 582 2545; x_wconf 85' lang='lat' dir='ltr'>fis</span> <span class='ocrx_word' id='word_1_208' title='bbox 606 2494 836 2562; x_wconf 88' lang='lat' dir='ltr'>locuples,</span> <span class='ocrx_word' id='word_1_209' title='bbox 858 2494 982 2546; x_wconf 90' lang='lat' dir='ltr'>bene</span> <span class='ocrx_word' id='word_1_210' title='bbox 1002 2494 1034 2545; x_wconf 83' lang='lat' dir='ltr'>si</span> <span class='ocrx_word' id='word_1_211' title='bbox 1062 2495 1124 2546; x_wconf 83' lang='lat' dir='ltr'>sic</span> <span class='ocrx_word' id='word_1_212' title='bbox 1147 2495 1352 2562; x_wconf 83' lang='lat' dir='ltr'>prodigis</span> <span class='ocrx_word' id='word_1_213' title='bbox 1368 2508 1562 2554; x_wconf 78' lang='lat' dir='ltr'>aurum3</span> 
     </span>
     <span class='ocr_line' id='line_1_31' title="bbox 443 2559 1474 2631; baseline -0.004 -16"><span class='ocrx_word' id='word_1_214' title='bbox 443 2565 502 2615; x_wconf 90' lang='lat' dir='ltr'>Et</span> <span class='ocrx_word' id='word_1_215' title='bbox 525 2563 634 2615; x_wconf 87' lang='lat' dir='ltr'>dare</span> <span class='ocrx_word' id='word_1_216' title='bbox 653 2559 782 2631; x_wconf 65' lang='lat' dir='ltr'>cdiq3</span> <span class='ocrx_word' id='word_1_217' title='bbox 804 2562 970 2621; x_wconf 79' lang='lat' dir='ltr'>suum,</span> <span class='ocrx_word' id='word_1_218' title='bbox 995 2561 1027 2613; x_wconf 85' lang='lat' dir='ltr'>fi</span> <span class='ocrx_word' id='word_1_219' title='bbox 1049 2564 1158 2614; x_wconf 88' lang='lat' dir='ltr'>Tua</span> <span class='ocrx_word' id='word_1_220' title='bbox 1178 2563 1303 2615; x_wconf 86' lang='lat' dir='ltr'>lucra</span> <span class='ocrx_word' id='word_1_221' title='bbox 1327 2577 1474 2631; x_wconf 87' lang='lat' dir='ltr'>putes.</span> 
     </span>
     <span class='ocr_line' id='line_1_32' title="bbox 271 2628 1596 2705; baseline -0.003 -19"><span class='ocrx_word' id='word_1_222' title='bbox 271 2632 406 2686; x_wconf 85' lang='lat' dir='ltr'>Nam</span> <span class='ocrx_word' id='word_1_223' title='bbox 428 2632 651 2705; x_wconf 53' lang='lat' dir='ltr'>quic-unq}</span> <span class='ocrx_word' id='word_1_224' title='bbox 678 2633 813 2684; x_wconf 89' lang='lat' dir='ltr'>DEI</span> <span class='ocrx_word' id='word_1_225' title='bbox 819 2628 926 2703; x_wconf 65' lang='lat' dir='ltr'>pliaes</span> <span class='ocrx_word' id='word_1_226' title='bbox 947 2628 1105 2683; x_wconf 72' lang='lat' dir='ltr'>debita</span> <span class='ocrx_word' id='word_1_227' title='bbox 1119 2666 1132 2691; x_wconf 89' lang='lat'><strong>,</strong></span> <span class='ocrx_word' id='word_1_228' title='bbox 1192 2628 1407 2699; x_wconf 66' lang='lat' dir='ltr'><em>udmsua</em></span> <span class='ocrx_word' id='word_1_229' title='bbox 1430 2642 1596 2690; x_wconf 63' lang='lat' dir='ltr'><em>curan</em></span> 
     </span>
     <span class='ocr_line' id='line_1_33' title="bbox 440 2697 1326 2771; baseline -0.001 -19"><span class='ocrx_word' id='word_1_230' title='bbox 440 2697 646 2752; x_wconf 80' lang='lat' dir='ltr'>Debitor</span> <span class='ocrx_word' id='word_1_231' title='bbox 667 2700 796 2752; x_wconf 70' lang='lat' dir='ltr'>illius</span> <span class='ocrx_word' id='word_1_232' title='bbox 816 2702 1002 2770; x_wconf 76' lang='lat' dir='ltr'>cogitur</span> <span class='ocrx_word' id='word_1_233' title='bbox 1025 2700 1104 2771; x_wconf 77' lang='lat' dir='ltr'>effe</span> <span class='ocrx_word' id='word_1_234' title='bbox 1182 2702 1326 2753; x_wconf 78' lang='lat' dir='ltr'><em>EUS.</em></span> 
     </span>
     <span class='ocr_line' id='line_1_34' title="bbox 270 2766 1508 2838; baseline -0.002 -18"><span class='ocrx_word' id='word_1_235' title='bbox 270 2768 386 2820; x_wconf 87' lang='lat' dir='ltr'>Hoc</span> <span class='ocrx_word' id='word_1_236' title='bbox 409 2769 563 2837; x_wconf 85' lang='lat' dir='ltr'>pretio</span> <span class='ocrx_word' id='word_1_237' title='bbox 584 2769 745 2838; x_wconf 87' lang='lat' dir='ltr'>Superi</span> <span class='ocrx_word' id='word_1_238' title='bbox 772 2770 989 2821; x_wconf 87' lang='lat' dir='ltr'>vendunt</span> <span class='ocrx_word' id='word_1_239' title='bbox 1004 2770 1273 2821; x_wconf 86' lang='lat' dir='ltr'>diademata</span> <span class='ocrx_word' id='word_1_240' title='bbox 1294 2766 1508 2836; x_wconf 80' lang='lat' dir='ltr'>Magnis3</span> 
     </span>
     <span class='ocr_line' id='line_1_35' title="bbox 441 2837 1515 2906; baseline -0.001 -18"><span class='ocrx_word' id='word_1_241' title='bbox 441 2837 548 2888; x_wconf 57' lang='lat' dir='ltr'>Hac</span> <span class='ocrx_word' id='word_1_242' title='bbox 572 2837 767 2905; x_wconf 83' lang='lat' dir='ltr'>surgunt</span> <span class='ocrx_word' id='word_1_243' title='bbox 789 2838 959 2889; x_wconf 89' lang='lat' dir='ltr'>summi</span> <span class='ocrx_word' id='word_1_244' title='bbox 984 2838 1195 2906; x_wconf 76' lang='lat' dir='ltr'>Regibus</span> <span class='ocrx_word' id='word_1_245' title='bbox 1216 2854 1313 2889; x_wconf 87' lang='lat' dir='ltr'>arte</span> <span class='ocrx_word' id='word_1_246' title='bbox 1334 2837 1515 2894; x_wconf 77' lang='lat' dir='ltr'>throni.</span> 
     </span>
     <span class='ocr_line' id='line_1_36' title="bbox 269 2906 1416 2966; baseline -0.001 -9"><span class='ocrx_word' id='word_1_247' title='bbox 269 2906 443 2957; x_wconf 87' lang='lat' dir='ltr'>Hostes</span> <span class='ocrx_word' id='word_1_248' title='bbox 465 2908 594 2957; x_wconf 83' lang='lat' dir='ltr'>Mars</span> <span class='ocrx_word' id='word_1_249' title='bbox 617 2907 740 2958; x_wconf 87' lang='lat' dir='ltr'>ferro</span> <span class='ocrx_word' id='word_1_250' title='bbox 763 2909 938 2966; x_wconf 85' lang='lat' dir='ltr'>vincit,</span> <span class='ocrx_word' id='word_1_251' title='bbox 961 2908 1168 2958; x_wconf 84' lang='lat' dir='ltr'>vincitur</span> <span class='ocrx_word' id='word_1_252' title='bbox 1192 2906 1253 2957; x_wconf 87' lang='lat' dir='ltr'>ab</span> <span class='ocrx_word' id='word_1_253' title='bbox 1276 2924 1416 2958; x_wconf 84' lang='lat' dir='ltr'>auro:</span> 
     </span>
     <span class='ocr_line' id='line_1_37' title="bbox 438 2976 1629 3044; baseline -0.001 -19"><span class='ocrx_word' id='word_1_254' title='bbox 438 2977 597 3026; x_wconf 84' lang='lat' dir='ltr'>Marte</span> <span class='ocrx_word' id='word_1_255' title='bbox 619 2991 788 3044; x_wconf 90' lang='lat' dir='ltr'>potens</span> <span class='ocrx_word' id='word_1_256' title='bbox 809 2977 905 3027; x_wconf 81' lang='lat' dir='ltr'>dux</span> <span class='ocrx_word' id='word_1_257' title='bbox 926 2977 1018 3037; x_wconf 79' lang='lat' dir='ltr'>est3</span> <span class='ocrx_word' id='word_1_258' title='bbox 1039 2979 1168 3027; x_wconf 83' lang='lat' dir='ltr'>Mars</span> <span class='ocrx_word' id='word_1_259' title='bbox 1189 2976 1320 3027; x_wconf 88' lang='lat' dir='ltr'>ducis</span> <span class='ocrx_word' id='word_1_260' title='bbox 1341 2990 1430 3027; x_wconf 84' lang='lat' dir='ltr'>aere</span> <span class='ocrx_word' id='word_1_261' title='bbox 1445 2989 1629 3043; x_wconf 72' lang='lat' dir='ltr'>potens,</span> 
     </span>
     <span class='ocr_line' id='line_1_38' title="bbox 268 3042 1475 3103; baseline -0.001 -8"><span class='ocrx_word' id='word_1_262' title='bbox 268 3042 413 3095; x_wconf 87' lang='lat' dir='ltr'>Dona</span> <span class='ocrx_word' id='word_1_263' title='bbox 435 3059 597 3094; x_wconf 80' lang='lat' dir='ltr'>creant</span> <span class='ocrx_word' id='word_1_264' title='bbox 617 3043 788 3103; x_wconf 80' lang='lat' dir='ltr'>fortes,</span> <span class='ocrx_word' id='word_1_265' title='bbox 811 3062 901 3098; x_wconf 88' lang='lat' dir='ltr'>nec</span> <span class='ocrx_word' id='word_1_266' title='bbox 915 3063 1074 3097; x_wconf 85' lang='lat' dir='ltr'>murus</span> <span class='ocrx_word' id='word_1_267' title='bbox 1092 3045 1298 3100; x_wconf 85' lang='lat' dir='ltr'>aheneus</span> <span class='ocrx_word' id='word_1_268' title='bbox 1321 3042 1475 3095; x_wconf 78' lang='lat' dir='ltr'>obstat</span> 
     </span>
     <span class='ocr_line' id='line_1_39' title="bbox 439 3112 1549 3181; baseline 0.002 -19"><span class='ocrx_word' id='word_1_269' title='bbox 439 3113 613 3171; x_wconf 83' lang='lat' dir='ltr'>Donis;</span> <span class='ocrx_word' id='word_1_270' title='bbox 647 3113 749 3163; x_wconf 83' lang='lat' dir='ltr'>haec</span> <span class='ocrx_word' id='word_1_271' title='bbox 781 3114 923 3164; x_wconf 89' lang='lat' dir='ltr'>duros</span> <span class='ocrx_word' id='word_1_272' title='bbox 946 3113 1045 3181; x_wconf 75' lang='lat' dir='ltr'>plus</span> <span class='ocrx_word' id='word_1_273' title='bbox 1068 3116 1320 3165; x_wconf 80' lang='lat' dir='ltr'>adamante</span> <span class='ocrx_word' id='word_1_274' title='bbox 1340 3112 1549 3165; x_wconf 86' lang='lat' dir='ltr'>trahunt.</span> 
     </span>
     <span class='ocr_line' id='line_1_40' title="bbox 269 3177 1438 3249; baseline -0.002 -16"><span class='ocrx_word' id='word_1_275' title='bbox 269 3177 439 3233; x_wconf 83' lang='lat' dir='ltr'>Ambit</span> <span class='ocrx_word' id='word_1_276' title='bbox 464 3183 514 3232; x_wconf 69' lang='grc' dir='ltr'>ὅ(</span> <span class='ocrx_word' id='word_1_277' title='bbox 537 3180 740 3231; x_wconf 78' lang='lat' dir='ltr'>insolitos</span> <span class='ocrx_word' id='word_1_278' title='bbox 762 3184 982 3249; x_wconf 82' lang='lat' dir='ltr'>generosa</span> <span class='ocrx_word' id='word_1_279' title='bbox 1002 3183 1223 3235; x_wconf 84' lang='lat' dir='ltr'>Minerva</span> <span class='ocrx_word' id='word_1_280' title='bbox 1243 3179 1438 3240; x_wconf 84' lang='lat' dir='ltr'>labores,</span> 
     </span>
     <span class='ocr_line' id='line_1_41' title="bbox 438 3247 1352 3306; baseline 0.001 -6"><span class='ocrx_word' id='word_1_281' title='bbox 438 3247 635 3300; x_wconf 78' lang='lat' dir='ltr'>Ambiat</span> <span class='ocrx_word' id='word_1_282' title='bbox 658 3266 873 3301; x_wconf 82' lang='lat' dir='ltr'>auratum</span> <span class='ocrx_word' id='word_1_283' title='bbox 895 3250 926 3301; x_wconf 82' lang='lat' dir='ltr'>fi</span> <span class='ocrx_word' id='word_1_284' title='bbox 953 3252 1029 3302; x_wconf 87' lang='lat' dir='ltr'>sua</span> <span class='ocrx_word' id='word_1_285' title='bbox 1047 3251 1166 3302; x_wconf 86' lang='lat' dir='ltr'>colla</span> <span class='ocrx_word' id='word_1_286' title='bbox 1191 3251 1352 3306; x_wconf 78' lang='lat' dir='ltr'>decus,</span> 
     </span>
     <span class='ocr_line' id='line_1_42' title="bbox 168 3313 1654 3388; baseline 0.002 -23"><span class='ocrx_word' id='word_1_287' title='bbox 168 3325 173 3329; x_wconf 84' lang='grc'><strong>’</strong></span> <span class='ocrx_word' id='word_1_288' title='bbox 266 3315 342 3366; x_wconf 73' lang='lat' dir='ltr'>Sic</span> <span class='ocrx_word' id='word_1_289' title='bbox 354 3335 464 3384; x_wconf 79' lang='lat' dir='ltr'>age3</span> <span class='ocrx_word' id='word_1_290' title='bbox 486 3318 679 3386; x_wconf 70' lang='lat' dir='ltr'>prodiga</span> <span class='ocrx_word' id='word_1_291' title='bbox 703 3317 784 3376; x_wconf 84' lang='lat' dir='ltr'>fis,</span> <span class='ocrx_word' id='word_1_292' title='bbox 811 3336 1057 3388; x_wconf 83' lang='lat' dir='ltr'>nunquam</span> <span class='ocrx_word' id='word_1_293' title='bbox 1072 3358 1088 3378; x_wconf 89' lang='lat'><em>,</em></span> <span class='ocrx_word' id='word_1_294' title='bbox 1112 3319 1228 3371; x_wconf 80' lang='lat' dir='ltr'>mihi</span> <span class='ocrx_word' id='word_1_295' title='bbox 1249 3318 1419 3374; x_wconf 83' lang='lat' dir='ltr'>crede,</span> <span class='ocrx_word' id='word_1_296' title='bbox 1443 3313 1654 3377; x_wconf 78' lang='lat' dir='ltr'>nocebit,</span> 
     </span>
     <span class='ocr_line' id='line_1_43' title="bbox 436 3385 1308 3440; baseline 0.002 -4"><span class='ocrx_word' id='word_1_297' title='bbox 436 3389 569 3437; x_wconf 79' lang='lat' dir='ltr'>Auro</span> <span class='ocrx_word' id='word_1_298' title='bbox 593 3385 788 3437; x_wconf 82' lang='lat' dir='ltr'>lucrosas</span> <span class='ocrx_word' id='word_1_299' title='bbox 808 3385 871 3438; x_wconf 77' lang='lat' dir='ltr'>sic</span> <span class='ocrx_word' id='word_1_300' title='bbox 898 3388 1106 3440; x_wconf 65' lang='lat' dir='ltr'>vacufiffe</span> <span class='ocrx_word' id='word_1_301' title='bbox 1130 3406 1308 3440; x_wconf 84' lang='lat' dir='ltr'>manus.</span> 
     </span>
     <span class='ocr_line' id='line_1_44' title="bbox 268 3451 1384 3527; baseline 0.004 -27"><span class='ocrx_word' id='word_1_302' title='bbox 268 3453 403 3504; x_wconf 82' lang='lat' dir='ltr'>Unus</span> <span class='ocrx_word' id='word_1_303' title='bbox 417 3466 505 3525; x_wconf 88' lang='lat' dir='ltr'>pro</span> <span class='ocrx_word' id='word_1_304' title='bbox 528 3451 677 3506; x_wconf 78' lang='lat' dir='ltr'>multo</span> <span class='ocrx_word' id='word_1_305' title='bbox 700 3452 896 3523; x_wconf 65' lang='lat' dir='ltr'>ditescat</span> <span class='ocrx_word' id='word_1_306' title='bbox 913 3469 1116 3527; x_wconf 77' lang='lat' dir='ltr'>paupere</span> <span class='ocrx_word' id='word_1_307' title='bbox 1136 3457 1354 3525; x_wconf 76' lang='lat' dir='ltr'>Princeps</span> <span class='ocrx_word' id='word_1_308' title='bbox 1369 3488 1384 3514; x_wconf 88' lang='lat'><strong>,</strong></span> 
     </span>
     <span class='ocr_line' id='line_1_45' title="bbox 436 3520 1492 3595; baseline 0 -23"><span class='ocrx_word' id='word_1_309' title='bbox 436 3525 493 3573; x_wconf 83' lang='lat' dir='ltr'>Se</span> <span class='ocrx_word' id='word_1_310' title='bbox 515 3520 696 3575; x_wconf 76' lang='lat' dir='ltr'><em>multus</em></span> <span class='ocrx_word' id='word_1_311' title='bbox 706 3542 854 3595; x_wconf 54' lang='lat' dir='ltr'><em>gaz-a</em></span> <span class='ocrx_word' id='word_1_312' title='bbox 873 3539 927 3575; x_wconf 72' lang='lat' dir='ltr'><em>m</em></span> <span class='ocrx_word' id='word_1_313' title='bbox 945 3527 1163 3595; x_wconf 77' lang='lat' dir='ltr'>principe</span> <span class='ocrx_word' id='word_1_314' title='bbox 1180 3537 1360 3595; x_wconf 77' lang='lat' dir='ltr'>pauper</span> <span class='ocrx_word' id='word_1_315' title='bbox 1378 3521 1492 3575; x_wconf 66' lang='lat' dir='ltr'>alat„</span> 
     </span>
    </p>
   </div>
   <div class='ocr_carea' id='block_1_3' title="bbox 1112 3586 2241 3667">
    <p class='ocr_par' dir='ltr' id='par_1_3' title="bbox 1112 3586 2241 3667">
     <span class='ocr_line' id='line_1_46' title="bbox 1112 3586 2241 3667; baseline -0.003 -24"><span class='ocrx_word' id='word_1_316' title='bbox 1112 3595 1150 3643; x_wconf 91' lang='lat' dir='ltr'><strong>E</strong></span> <span class='ocrx_word' id='word_1_317' title='bbox 1176 3608 1205 3659; x_wconf 84' lang='lat'>3</span> <span class='ocrx_word' id='word_1_318' title='bbox 2096 3586 2241 3667; x_wconf 68' lang='lat' dir='ltr'>,Quid</span> 
     </span>
    </p>
   </div>
   <div class='ocr_carea' id='block_1_4' title="bbox 289 534 458 696">
    <p class='ocr_par' dir='ltr' id='par_1_4' title="bbox 289 534 458 696">
     <span class='ocr_line' id='line_1_47' title="bbox 289 534 458 696; baseline 0 -73"><span class='ocrx_word' id='word_1_319' title='bbox 289 534 458 696; x_wconf 95' lang='lat' dir='ltr'>   </span> 
     </span>
    </p>
   </div>
  </div>
 </body>
</html>
