2457 3961
126 75 258 126 Hinc
269 91 362 126 vox
374 76 467 142 ejus
490 71 764 140 magnifica,
790 74 842 124 &
863 71 1095 140 generosas
1118 72 1451 124 moderationis
1472 73 1604 138 plena
1624 71 1924 125 audiebatur:
1949 74 2156 139 Etiamsi
2175 95 2249 127 ex-

117 156 384 213 pugnatum
400 138 609 191 haberem
622 139 900 208 univerfitm
911 159 1107 210 regnum
1121 140 1357 191 Gallicum
1367 178 1380 199 ‚
1403 140 1638 194 redderem
1648 142 1769 194 illud
1776 143 1847 194 Re
1879 145 1922 201 i,
1934 143 2049 194 dum
2063 143 2137 194 illo
2152 146 2249 194 exi-

157 230 241 268 κο,
259 208 389 284 quod
403 228 556 260 meum
578 209 655 278 effe
675 206 922 264 contendo,
944 211 1138 274 mejrui
1154 210 1387 278 patiatur.
1423 211 1500 277 (p)
1536 211 1732 277 Nempe
1745 229 1839 262 con
1881 229 1955 263 are
1967 211 2115 264 voluit
2127 210 2247 272 orbi,

114 230 242 337 ⁴{ella
255 296 356 329 non
370 277 501 335 lucri,
516 279 589 328 led
603 277 828 344 aequitatis
840 276 973 327 caula
984 277 1212 329 haEtenus
1226 277 1251 327 a
1262 277 1305 327 se
1319 277 1442 343 gesta
1454 278 1593 330 fuisse.
1663 279 1818 330 Caroli
1829 297 2022 332 econtra
2034 281 2244 349 Burgun·

124 346 172 398 di
188 364 375 414 pugnax
386 349 582 402 animus,
597 365 696 396 non
711 345 842 396 fortis
855 381 868 402 ,
881 345 958 395 sed
977 346 1160 396 audacis
1171 363 1557 413 cognomentum
1573 350 1769 414 accepit,
1781 347 1944 399 ferocis
1968 351 2138 400 meruit
2152 371 2170 406 ,·
2185 351 2247 401 vi-

124 415 279 484 &orijs
295 434 353 466 an
383 414 514 466 clade
535 413 757 464 famosior
775 415 800 469 ’ἑ
834 413 902 479 alij
920 413 1148 482 judicent.
1221 415 1286 465 Ita
1303 414 1512 482 quisaepe
1525 415 1707 466 hostem
1720 417 1908 483 quaerit,
1934 418 2246 469 vietoremin-

123 485 270 537 venit.
332 484 571 550 Sapienter
593 482 946 549 Theopompus
971 483 1097 539 Rex,
1118 501 1211 533 non
1233 478 1412 540 labore,
1435 483 1680 550 inquiebat
1702 518 1717 543 ,
1746 481 1892 559 queim
1913 493 2121 557 amplum
2128 485 2247 559 filq's

125 571 323 625 regnum
345 550 639 625 relinquam,
649 547 740 620 sed
756 546 902 624 qudm
918 563 1173 621 paratum,
1198 569 1255 601 ac
1264 546 1443 618 stabile.
1481 553 1559 619 (q)

293 688 443 752 Qod
465 686 499 738 fi
546 687 652 737 orro
665 683 942 737 bellandum
962 687 1074 744 erit,
1093 685 1212 737 curn
1233 687 1394 737 militia
1414 685 1470 738 fit
1490 687 1701 755 publicus
1716 689 1897 741 virtutis
1909 708 2101 759 campus
2114 731 2128 750 ,
2147 710 2249 745 non

124 756 295 826 insidijs
320 757 497 807 nitetur
551 754 731 806 ellidux.
818 757 1174 806 Germanorum
1197 773 1248 805 ea
1271 756 1448 822 semper
1469 756 1559 807 fuit
1592 758 1762 815 virtus,
1795 775 1956 824 aperto
1986 763 2143 812 Marte
2168 763 2251 812 de-

124 842 324 877 certare:
343 842 434 876 nec
454 825 589 875 datus
614 825 678 874 est
701 823 1011 891 stratagemati
1034 821 1268 875 laudabilis
1292 824 1420 876 locus
1438 863 1454 882 ,
1478 824 1564 875 nisi
1588 842 1641 875 ut
1670 826 1884 877 humano
1909 827 2115 895 sanguini
2154 849 2251 897 par-

125 911 334 956 ceretur3
356 909 411 944 ut
431 911 487 944 ex
499 886 702 960 utroque
726 893 954 949 meteres,
978 894 1026 942 in
1045 891 1122 942 illo
1143 891 1287 944 essent
1308 893 1585 944 fortitudine
1621 895 1807 953 heroes,
1830 898 1879 945 in
1902 896 1998 949 hoc
2032 898 2251 949 humani-

125 976 221 1014 tate
241 962 471 1014 homines,
541 962 834 1012 Laudaverat
855 960 1001 1028 Julius
1023 961 1172 1012 Caesar
1195 978 1293 1012 tam
1323 962 1595 1020 Helvetios,
1621 963 1764 1031 quarn
1800 964 1864 1014 sui
1892 967 2119 1032 temporis
2143 967 2253 1018 Gal-

124 1030 219 1088 los,
242 1030 504 1087 affirmans,
525 1048 604 1080 eos
626 1047 809 1097 apertos
830 1029 1077 1088 homineS,
1103 1034 1153 1081 δι’.
1177 1030 1373 1080 minime
1399 1030 1663 1089 insidiosos,
1689 1033 1769 1100 qui
1795 1033 1968 1084 virtute
1994 1053 2094 1084 non
2117 1035 2248 1093 dolo,

126 1116 291 1151 contra
309 1115 538 1157 armatos,
560 1117 660 1149 non
687 1099 936 1167 imparatos
959 1100 1239 1160 decernant,
1262 1099 1398 1150 Afros
1428 1118 1589 1152 autem
1622 1117 1857 1153 execratus
1894 1103 2250 1170 vituperaverat,

126 1169 282 1236 quod,
302 1184 356 1219 ut
380 1167 501 1219 clam
524 1166 751 1225 odiffent,
776 1166 838 1217 sic
857 1185 956 1217 non
980 1169 1122 1217 animi
1146 1168 1472 1235 magnitudine
1494 1169 1609 1221 bella
1621 1186 1861 1237 gererent,
1880 1170 1957 1223 sed
1970 1171 2159 1239 fallacijs.
2184 1174 2250 1238 (r)

124 1237 286 1288 Dulcis
301 1238 363 1288 est
388 1236 595 1289 viCtoriae
618 1235 795 1286 fruClus
816 1237 1011 1302 Regum
1037 1238 1264 1303 appetitui
1287 1258 1305 1285 .·
1342 1236 1417 1287 sed
1441 1232 1546 1288 ciem
1573 1257 1763 1290 enerves
1783 1241 1966 1290 animos
1990 1241 2125 1309 odt'ffi’
2145 1245 2250 1291 vir-

122 1304 384 1374 tussolea13
415 1310 645 1378 quaeritur
663 1323 1003 1378 nonnunquam
1023 1303 1157 1375 apud
1167 1303 1417 1375 perfidiam
1431 1346 1446 1364 ,
1481 1307 1610 1379 quod
1626 1307 1973 1359 inveniendum
1995 1311 2095 1377 efflet
2116 1310 2169 1359 in
2191 1328 2246 1360 a·

123 1376 254 1426 nimo
264 1375 408 1443 forti.
444 1375 508 1441 (s)
543 1373 680 1424 Plena
703 1374 767 1424 est
790 1372 1187 1424 Machabaeorum
1206 1373 1419 1432 historia,
1441 1375 1573 1442 quod
1595 1393 1712 1427 cum
1726 1374 2250 1444 fortiffimiJudaeorurn

123 1443 267 1496 duces
287 1443 424 1494 armis
445 1442 694 1510 superiores
717 1442 882 1500 effent,
905 1439 1142 1492 hostilibus
1175 1442 1355 1509 fallacijs
1383 1445 1640 1496 ceciderint
1671 1443 1909 1512 gloriosius
1939 1447 2077 1503 vicsti,
2101 1449 2248 1514 quam

123 1511 190 1580 alij
211 1511 355 1563 effent
373 1511 585 1563 victores.
657 1510 1043 1562 Admirationem
1070 1513 1241 1562 meruit
1264 1511 1337 1562 vel
1360 1514 1483 1579 apud
1504 1514 1733 1564 Barbaros
1755 1516 1995 1565 Germana
2017 1515 2171 1569 Caroli
2190 1517 2248 1572 V,

124 1581 397 1632 Fortitudo:
421 1596 583 1648 quater
605 1579 837 1647 repressus,
851 1597 904 1630 ac
918 1580 1116 1630 tandem
1135 1581 1182 1629 in
1195 1579 1361 1647 fugam
1379 1581 1438 1631 ab
1451 1582 1662 1650 Hispano
1673 1585 1879 1634 exercitu
1891 1584 2131 1651 conjectus
2145 1585 2250 1634 Bar-

124 1646 277 1700 barosa
295 1649 474 1700 Tuneti
503 1647 829 1702 maenibussese
846 1647 1056 1698 abdidit:
1083 1649 1207 1699 adest
1230 1650 1406 1700 interea
1429 1652 1622 1702 Maurus
1651 1653 1707 1702 ad
1742 1669 1963 1702 arcanum
1989 1652 2248 1717 alloquium

121 1717 369 1776 admissus,
393 1716 594 1784 spondet
607 1717 939 1769 clandestinam
957 1718 1096 1784 Regis
1119 1735 1286 1769 necem
1302 1755 1314 1775 ‚
1336 1718 1639 1771 recludendas
1662 1719 1784 1771 urbis
1822 1721 1942 1771 fores
1957 1760 1972 1779 ,
1993 1725 2044 1772 &
2069 1737 2249 1772 certam

121 1788 326 1839 irruente
348 1786 500 1837 afforis
523 1786 736 1854 Hispano
761 1785 936 1844 milite,
960 1787 1085 1836 intus
1113 1787 1366 1838 Chr‘istanis
1389 1790 1583 1855 captivis
1605 1788 1778 1839 incolas
1797 1789 2073 1841 cedentibus
2095 1790 2248 1841 vieto-

121 1858 250 1907 riam.
330 1858 397 1906 At
427 1858 585 1923 rejecit
613 1855 865 1923 ingloriam
888 1857 1167 1928 proditionis
1190 1874 1387 1924 operam
1408 1857 1620 1914 Carolus,
1636 1856 1894 1908 affirmans:
1923 1858 2056 1909 malle
2069 1860 2120 1924 sc
2142 1878 2249 1909 cum

119 1923 334 1995 hostesuo
355 1927 503 1975 armtls
528 1930 786 1981 decertare,
807 1943 952 1997 quam
966 1923 1251 1991 fraudibus:
1276 1944 1332 1975 ne
1351 1922 1574 1977 imbellem
1587 1923 1740 1978 bellice
1766 1928 2080 1977 fortitudinia
2100 1929 2249 1978 mmi-

115 1993 268 2056 strum
286 1989 553 2054 adhiberem
586 1993 814 2061 simulque
839 1992 1138 2044 Barbarosam
1161 1994 1353 2062 periculi
1374 1995 1646 2047 admonuit:
1671 1995 1956 2049 dissimulato
1971 2011 2135 2047 tamen
2150 2013 2247 2048 me-

119 2062 254 2114 ditati
278 2061 493 2113 facinoris
514 2062 725 2113 authore.
761 2064 826 2129 (t)

226 2226 230 2233 ‹
286 2199 363 2250 Est
376 2197 546 2250 &illud
562 2198 830 2267 praeclarum
850 2199 1146 2250 Fortitudinis
1157 2218 1292 2268 opus,
1305 2216 1484 2253 tentare
1498 2201 1652 2259 ardua,
1666 2205 1732 2262 &,
1743 2221 1847 2271 quae
1861 2203 2052 2271 ignavus
2067 2203 2250 2254 animus

119 2266 352 2335 desperata
364 2283 516 2335 putat,
537 2269 739 2336 aggredi.
811 2269 930 2320 Non
944 2270 1071 2321 enim
1085 2273 1204 2340 quia
1222 2268 1442 2342 dzfficilia
1453 2273 1568 2337 fiant
1583 2308 1597 2329 ,
1619 2271 1770 2324 multet
1793 2292 1884 2322 nen
1904 2272 2130 2324 evademus
2144 2293 2157 2332 3
2165 2271 2251 2338 sed

152 2339 237 2386 uia
247 2355 340 2387 non
356 2334 584 2388 audemus
599 2375 613 2394 ,
637 2335 857 2410 dffcilia
869 2338 996 2403 sunt.
1036 2339 1115 2404 (u)
1151 2339 1323 2390 Frustra
1333 2340 1645 2407 Scanderbegi
1655 2342 1861 2408 gladium
1875 2341 2095 2410 postulas,
2119 2341 2151 2392 fi
2166 2342 2249 2392 de-

117 2355 175 2455 sit
190 2404 437 2455 brachium
451 2443 464 2462 ,
487 2403 517 2455 fi
531 2406 708 2471 peetus.
755 2408 831 2457 Ut
843 2406 969 2455 enim
980 2407 1135 2457 cervis
1154 2408 1496 2476 incaſjumfient
1506 2412 1558 2459 in
1593 2413 1722 2460 entia
1735 2429 1923 2468 cornua,
1937 2405 2043 2461 cbtm
2055 2413 2249 2460 animm

117 2469 253 2538 absit,
275 2476 348 2523 ita
361 2473 580 2542 nonsatis
593 2473 651 2540 est
667 2472 827 2544 opibus
841 2468 1008 2524 bellicis
1017 2472 1199 2543 pollere,
1222 2476 1315 2545 nist
1332 2427 1607 2535 Fortitudff,
1626 2497 1719 2548 qux
1734 2476 1853 2546 ausit
1865 2515 1876 2537 ‚
1889 2479 2132 2548 accesfiorit.
2169 2480 2248 2545 (X)

118 2543 248 2609 Saepe
259 2541 452 2592 fortiora
464 2543 670 2610 praestitit
683 2581 697 2600 ,
724 2541 962 2609 quimulta
976 2543 1177 2595 tentavit
1191 2582 1206 2601 ,
1229 2545 1372 2612 quam
1390 2546 1470 2613 qui
1484 2547 1650 2613 potuit.
1719 2549 1876 2616 Major
1888 2547 1977 2599 fuit
1999 2547 2138 2615 gloria
2152 2549 2248 2614 Cy-

116 2611 289 2678 negiri,
311 2628 429 2660 cum
444 2610 658 2660 hostilem
676 2612 832 2660 navim
858 2612 1055 2662 retinere
1068 2629 1265 2664 conatus
1276 2614 1341 2664 est
1355 2650 1367 2672 ‚
1392 2615 1542 2682 quam
1561 2630 1839 2666 caeterorum
1860 2615 2220 2667 Atheniensium
2235 2653 2248 2675 ,

118 2681 199 2747 qui
215 2679 520 2730 retinuerunt.
590 2681 718 2729 Cum
736 2678 907 2734 Medos
918 2681 1076 2748 pugna
1090 2683 1420 2734 Marathonica
1431 2683 1582 2735 vidtos
1595 2683 1738 2735 classis
1751 2684 2012 2754 excepiffet,
2025 2685 2249 2752 fugitivos

117 2750 176 2798 ad
195 2745 463 2799 uberiorem
484 2749 666 2799 caedem
689 2764 742 2798 ut
765 2749 1019 2800 retraheret
1041 2751 1303 2819 Cynegirus
1317 2788 1331 2809 ,
1354 2752 1542 2804 dextera
1565 2753 1778 2804 hostilem
1803 2754 1968 2806 navim
1988 2754 2246 2822 apprehen-

117 2817 213 2874 dit,
234 2814 288 2868 ez‘i
312 2815 434 2866 ferro
457 2815 629 2867 resecta
652 2817 863 2868 extendit
893 2818 1113 2870 sinistram
1139 2839 1151 2879 3
1188 2819 1278 2870 hac
1297 2821 1466 2887 pariter
1493 2822 1646 2873 amissa
1674 2822 1892 2873 dentibus
1918 2826 2113 2891 puppim
2138 2824 2246 2872 arri-

117 2887 244 2952 puit,
266 2902 366 2935 non
389 2885 512 2951 prius
524 2885 706 2935 hostem
731 2885 1012 2946 dimissurus,
1064 2887 1173 2939 uam
1190 2890 1347 2941 vitam.
1385 2889 1483 2958 (y)
1519 2892 1592 2941 Sic
1610 2891 1811 2959 gloriosae
1826 2892 2124 2943 Fortitudinis
2138 2910 2246 2959 ope-

115 2973 163 3004 ra
183 2955 291 3003 sunt
311 2969 536 3009 conatus,
567 2953 788 3004 successus
818 2971 976 3007 autem
1007 2955 1057 3008 su
1094 2972 1114 3008 t
1137 2973 1412 3009 eventuum.
1501 2963 1644 3010 Unde
1672 2962 2030 3029 magnanimiter
2053 2961 2248 3010 Carolus

118 3024 170 3072 V.
194 3039 309 3073 cum
330 3022 371 3072 ei
393 3039 493 3072 non
506 3019 874 3089 semelamagnis
889 3025 1020 3084 viris,
1048 3043 1108 3077 ne
1130 3025 1404 3094 Hispaniam
1427 3045 1716 3096 praepropera
1729 3030 1937 3080 Romani
1957 3030 2140 3096 Imperii
2166 3047 2248 3080 co-

115 3090 343 3158 gitatione
367 3091 605 3157 perditum
630 3092 742 3148 iret,
766 3092 1055 3152 suaderetur,
1077 3095 1280 3162 reposuit
1302 3115 1312 3145 :
1353 3098 1486 3167 infra
1509 3100 1757 3163 virtutem
1760 3097 1951 3167 ssmper¹
1953 3099 2088 3165 fuere
2102 3111 2246 3148 terro-

114 3179 209 3218 res,
241 3157 304 3216 Εἴ
352 3157 468 3209 lorio
486 3154 558 3209 ties
583 3177 690 3210 cum
704 3159 1141 3231 periculofhmma,
1175 3161 1322 3236 qua‘m
1344 3164 1448 3217 tute
1470 3163 1673 3218 humilia
1688 3169 1957 3238 fhqmmur3
1979 3185 2090 3217 nam
2113 3179 2166 3216 ut
2188 3180 2244 3215 ut

112 3246 206 3278 non
231 3247 280 3278 re
328 3225 442 3278 ende
470 3240 559 3278 unt
581 3229 799 3298 cogitatis
823 3244 1046 3290 eventus,
1071 3246 1266 3283 conatus
1284 3246 1444 3284 tamen
1467 3235 1598 3305 apud
1602 3235 1797 3305 posteros
1811 3237 1903 3285 erit
1918 3237 1971 3284 in
1987 3232 2135 3285 lande.
2170 3235 2244 3300 (z)

283 3362 455 3414 Rursus
466 3363 711 3431 nunquam
725 3366 788 3415 est
798 3381 896 3416 tam
911 3365 1081 3418 sinistra
1092 3364 1198 3418 belli
1211 3369 1319 3431 alea3
1332 3385 1384 3420 ut
1396 3369 1514 3420 desit
1526 3370 1752 3437 generoso
1763 3370 2067 3438 perstoriForti
2072 3369 2170 3420 tudi
2176 3370 2244 3419 nis

113 3431 259 3491 locuS,
273 3434 323 3484 &
335 3433 611 3484 Fortitudini
624 3433 833 3486 vidtoria.
853 3434 1168 3554 CallimachFus
1183 3440 1229 3488 in
1242 3438 1540 3491 Marathonia
1552 3457 1711 3507 pugna
1722 3440 1878 3498 caesuS,
1890 3457 1987 3491 non
2003 3440 2150 3493 vissus
2164 3439 2242 3556 εὲὶ,

1174 3521 1203 3557 2
2051 3524 2178 3576 quan
2213 3523 2245 3555 ο
