2457 3961
553 246 792 318 Erebique
816 261 973 315 partus
996 247 1194 301 Haerefis
1217 248 1266 299 in
1288 247 1446 303 aulam
1466 249 1655 321 impulit

812 317 1010 368 Motura
1032 317 1137 369 sede
1157 316 1386 370 Caefiarem
1399 318 1426 374 ‘3

552 382 640 441 N‘il
659 385 732 438 ille
754 401 919 438 motus
932 422 946 442 .
964 386 1105 438 ardua
1128 402 1183 438 ut
1202 402 1362 437 cautes
1383 384 1477 438 {iilo

808 452 929 507 Risit
951 454 1172 523 procellas
1192 454 1404 523 aequoris.

552 522 777 576 Tolerare
800 540 977 592 nempe
997 522 1160 575 fortius
1180 523 1326 576 fortes
1346 524 1529 586 decet,

807 592 869 643 Et
888 592 1006 645 ferre
1027 585 1198 644 flucti'is
1220 593 1474 662 impeturn.

553 661 702 714 Haud
721 661 787 713 est
811 661 962 721 virile,
983 661 1098 713 dura
1122 660 1156 713 fi
1181 661 1313 713 tollas
1328 699 1345 720 ,
1378 659 1528 730 gradu

811 729 1010 781 Perstare
1032 729 1185 782 firmo,
1245 727 1487 782 Turbines

552 797 600 851 Si
621 816 721 850 non
743 797 956 851 laceffant
1008 798 1154 850 lacida
1176 816 1435 852 ventorum
1461 800 1605 859 freta,

558 930 561 934 ῃ
810 859 958 918 Nulli'i
978 887 1072 938 que
1095 869 1284 936 surgens
1304 869 1489 936 gurgite

552 935 804 989 Permiscct
820 938 948 987 aestus
962 973 975 994 ,
999 955 1157 1006 puppe
1179 954 1226 988 te
1252 953 1451 1005 portum
1473 936 1653 1005 integral

808 1004 1029 1056 Tenuiffe
1052 1006 1421 1057 nonmirabere.

552 1072 776 1143 Superare
799 1072 970 1124 fluctus
995 1075 1145 1142 polle,
1170 1092 1261 1127 nec
1283 1077 1411 1127 vinci
1438 1074 1589 1135 malis,

807 1141 954 1193 Solius
979 1143 1044 1193 est
1069 1144 1372 1195 Constantiae.

551 1213 623 1262 Ut
645 1210 827 1262 tristiori
851 1211 1039 1262 Caesaris
1063 1213 1225 1264 Nostri
1249 1212 1387 1264 fibras

809 1279 1002 1332 Bellona
1023 1281 1120 1332 telo
1146 1280 1359 1342 laederet;

552 1348 791 1402 Accendit
811 1349 901 1416 ipsa
923 1350 1131 1417 duplices
1155 1369 1308 1419 nuper
1327 1349 1476 1409 faceS,

807 1412 1116 1490 Flagrumque
1140 1420 1321 1472 versans
1344 1415 1561 1477 dextera,

550 1485 612 1538 Et
634 1484 726 1556 qud
739 1487 914 1559 jugales
941 1488 1148 1540 Phoebus
1171 1489 1436 1541 accendens
1458 1502 1612 1538 novos

808 1557 1045 1608 Monstrat
1060 1562 1310 1628 juventam
1342 1556 1636 1615 Memnoni;

553 1621 757 1675 Laffitus
778 1628 828 1676 &
854 1625 946 1693 quii
970 1644 1189 1695 properat
1211 1627 1441 1694 Hesperio
1467 1624 1585 1677 mari

808 1695 929 1745 Axes
954 1711 1164 1746 rotarum
1190 1713 1426 1765 mergere,

551 1760 738 1813 Excivit
761 1760 947 1814 hostes:
1008 1766 1164 1816 Fausta
1188 1766 1265 1816 sed
1289 1764 1484 1834 posthac
1510 1762 1653 1813 DEO

808 1831 1012 1884 Favente
1037 1835 1211 1886 cecidit
1232 1833 1350 1887 alea:

555 1895 767 1957 Quando
790 1897 970 1967 lupatos
989 1905 1218 1955 mandere
1237 1902 1400 1954 edoffl
1423 1899 1610 1970 Scythae
1622 1933 1638 1958 ,

808 1968 1001 2022 Calcata
1015 1971 1161 2022 Lunae
1182 1990 1360 2024 cornua
1372 2010 1387 2029 ‚

549 2033 612 2086 Et
632 2052 870 2104 occupato
895 2039 1006 2090 Lilia
1028 2043 1266 2092 excedunt
1290 2040 1398 2091 solo.

807 2108 939 2160 Hinc
960 2126 1065 2177 quae
1086 2110 1300 2179 voluptas
1323 2107 1549 2160 nascitur?

551 2172 762 2225 Maeroris
782 2178 833 2226 ἃ
857 2179 988 2244 quod
1009 2180 1119 2228 inde
1145 2179 1188 2229 se
1211 2180 1378 2246 pandit
1399 2193 1526 2227 mare
1541 2177 1570 2225 ,Ρ

805 2244 894 2295 Sed
920 2246 1035 2297 stans
1059 2250 1244 2299 moveri
1266 2247 1444 2297 nescius

551 2307 592 2360 L
604 2311 641 2360 E
655 2311 705 2362 O
717 2311 810 2362 ΡΟ
824 2315 861 2362 L
874 2315 920 2364 D
933 2317 977 2364 U
989 2315 1018 2366 S
1043 2315 1130 2367 effe
1150 2317 1318 2368 docuit
1341 2309 1812 2368 AUSTRIADl-IM,
1835 2304 1930 2361 Sibi

805 2383 1033 2434 Constare
1057 2403 1273 2454 nunqam
1296 2383 1503 2452 dispares,

551 2444 684 2497 Nam
710 2445 805 2502 five
829 2452 960 2505 molli
976 2451 1223 2521 Zephyrus
1243 2451 1405 2505 afflatu
1430 2449 1566 2506 beet,

804 2514 1064 2590 Pennisque
1087 2522 1266 2575 blandis
1289 2523 1552 2590 provehats·

549 2581 640 2634 Seu
662 2584 978 2655 perstrepente
1003 2589 1192 2646 turbine
1212 2608 1418 2643 armetur
1441 2591 1606 2642 minax

803 2657 996 2718 Boream,
1019 2661 1165 2713 feroci
1191 2659 1384 2712 flamine

550 2718 788 2787 Rapturus
806 2744 955 2779 omne
976 2731 1132 2796 patriae
1164 2746 1295 2781 terrae
1328 2730 1499 2788 decus5

805 2796 970 2848 Astant
993 2800 1156 2849 serenis
1177 2796 1410 2855 vultibuS,

549 2856 783 2932 Sortisque
805 2865 986 2933 semper
1008 2864 1192 2918 mobilis
1216 2867 1401 2918 calcant
1419 2879 1592 2916 rotam.

803 2934 1007 2984 Fortuna
1029 2935 1122 2986 fors
1142 2937 1238 2987 His
1261 2937 1436 2987 rideat?

548 2996 666 3051 Suos
686 2999 863 3053 faventi
887 3001 1167 3056 subtrahunt
1190 3003 1346 3057 vultus
1368 3006 1512 3055 Deae:

804 3070 929 3122 Fleat
953 3071 1054 3122 Illa?
1078 3073 1237 3124 dulces
1258 3072 1496 3141 explicant

545 3124 601 3187 ln
621 3153 703 3187 ora
724 3136 844 3189 risus,
877 3140 1100 3209 Semper,
1118 3145 1168 3193 &
1190 3144 1359 3210 quovis
1377 3141 1465 3192 Sua·

797 3207 920 3259 Sunt
945 3211 995 3260 in
1018 3210 1243 3267 tumultu.
1280 3213 1437 3262 Vivite

544 3271 620 3323 Sic
638 3291 815 3345 magna
837 3279 1010 3329 munda·
1029 3278 1226 3346 ᾥιίενα,
1250 3279 1444 3347 perenni
1467 3275 1600 3330 Polos

799 3346 998 3398 Ambite
1025 3365 1191 3406 mota,
1213 3352 1265 3400 &
1289 3349 1534 3399 Ardkicum

545 3409 822 3462 Antarffico
855 3414 918 3465 fic
944 3417 1150 3484 jungite:
1177 3433 1232 3466 ut
1255 3415 1390 3467 firma
1412 3414 1740 3476 AUSTRIAE,

794 3475 1015 3553 Orbi'que
1038 3486 1128 3538 Pax
1154 3485 1386 3553 affulgeat.
1728 3556 1888 3748 L
1916 3557 2104 3749 O
2130 3555 2310 3751 Ν
