2457 3961
512 190 519 192 „
579 171 805 235 ·AEquore
827 164 1000 216 sulcato
1020 163 1146 215 littus
1168 163 1388 215 famulare
1402 163 1609 219 salutant.

847 232 1102 285 Cumulata
1129 233 1308 283 fuscant
1333 233 1497 285 funera

593 304 873 356 Chironem.
911 301 1172 353 Cumulare
1205 319 1350 385 genus
1373 299 1625 356 miserabile
1648 320 1806 371 poena:

849 372 924 422 Est
937 386 1072 439 turpe
1095 370 1302 422 multum
1326 368 1536 437 Principi.
1661 433 1665 437 Α

590 440 694 493 Sola
718 439 820 491 haec
842 440 983 507 digna
1005 456 1168 490 manus
1194 437 1378 505 {ceptris
1393 473 1406 497 ,
1429 455 1534 508 quae
1564 439 1794 508 sanguinis
1823 458 1996 510 expers.

843 508 1034 560 Calcare
1055 508 1169 577 quid
1183 509 1408 558 cadavera

589 577 862 629 Profuerat?
891 579 1009 628 Non
1034 579 1135 628 Rex
1148 611 1160 634 ‚
1182 576 1258 626 sed
1277 577 1496 643 (nomen
1522 590 1659 645 turpe
1680 578 1704 645 )
1725 575 2007 645 Tyrannus.

844 646 990 696 Audit
1012 683 1029 703 ,
1078 645 1210 695 ferire
1231 645 1431 696 crimina

587 715 633 766 Si
654 729 845 784 repetat.
883 714 1065 765 Meritis
1089 712 1150 765 sit
1171 713 1356 781 semper
1380 712 1561 781 parcior
1581 712 1657 764 ira.

841 785 963 842 Quae
985 783 1284 834 vindicantur
1300 782 1457 849 saepius
1475 819 1492 839 ‚

588 853 717 921 Saepe
750 870 804 903 ea
824 852 1067 902 committi
1082 868 1255 905 cernes.
1290 852 1420 918 Saepe
1441 846 1586 902 herba
1608 850 1858 911 medetur,

842 916 1047 992 succus<j3
1070 919 1217 972 lenior
1242 919 1365 970 malo
1379 956 1396 976 ‚

593 987 713 1041 Non
735 990 892 1057 potuit
919 990 1093 1040 saevum
1119 989 1250 1056 quod
1275 986 1468 1038 ferrum.
1503 986 1748 1056 Languida
1774 984 1991 1040 membra

842 1056 962 1109 Non
985 1057 1165 1116 exseca3
1188 1056 1264 1110 sed
1286 1057 1466 1124 adjuva.

589 1120 770 1178 Morbo
793 1118 1082 1194 peccantum
1104 1126 1183 1175 vix
1208 1141 1343 1175 urens
1365 1124 1511 1175 herba
1529 1122 1775 1182 medetur,

841 1195 931 1246 Sed
957 1193 1097 1245 molle
1121 1193 1245 1244 {anat
1269 1190 1526 1244 balsamum

588 1258 840 1331 Subje<5³cos
878 1261 1056 1314 Oleum
1078 1262 1279 1330 populus
1299 1280 1399 1313 non
1425 1259 1620 1330 spernit,
1640 1260 1764 1313 aceti

841 1330 1139 1383 Exulceratur
1162 1330 1404 1382 morsibus.

587 1398 720 1451 Trux
743 1399 897 1454 vultus
921 1418 1097 1467 more3‚
1121 1419 1239 1468 quos
1260 1398 1515 1452 emendare
1536 1397 1734 1465 piandos

842 1467 1036 1530 Nescit3
1070 1467 1276 1538 benigna
1299 1468 1427 1520 frons
1450 1467 1615 1536 potest.

586 1534 706 1587 Non
730 1534 884 1589 subito
909 1536 1083 1605 plectat
1104 1537 1353 1589 Nemesis:
1390 1539 1473 1605 qui
1497 1551 1685 1604 parcere
1706 1532 1870 1591 novit,

839 1606 1066 1658 Clemens
1089 1607 1320 1674 gubernat
1344 1607 1504 1656 tutior.

585 1671 773 1728 Divinae
792 1675 862 1741 >est
884 1676 1053 1728 mentis
1072 1673 1202 1743 lapsis
1224 1672 1474 1743 ignoscere.
1512 1673 1671 1724 Poenae

839 1744 952 1794 Satis
975 1745 1136 1794 videre
1158 1742 1428 1812 supplicem.

585 1806 797 1861 Fulmina
819 1830 914 1863 rara
930 1813 1044 1881 jacit
1066 1814 1264 1863 Numen
1291 1833 1301 1862 ε
1331 1828 1422 1862 nec
1441 1826 1625 1877 tergora
1647 1806 1801 1876 poenis

840 1871 1128 1932 Peccanti'im
1154 1896 1357 1948 aguntur
1376 1878 1512 1931 illico.

583 1943 717 1999 Alitis
734 1964 862 1999 arma
894 1950 995 2015 Iovi
1020 1950 1203 2001 ferienti
1232 1949 1343 2001 laeva
1362 1948 1617 2005 ministrat,

840 2022 908 2069 Ut
930 2018 1179 2069 fulminare
1198 2017 1338 2069 rarius

584 2080 777 2137 Erudiat
801 2086 1017 2155 Regem:
1041 2084 1213 2145 doleat,
1231 2087 1262 2138 si
1286 2087 1473 2155 cogitur
1493 2083 1580 2137 effe

836 2158 994 2206 Ferox.
1032 2158 1242 2224 Negaret
1273 2156 1461 2206 dextera

583 2221 634 2272 O
660 2223 842 2274 utinam
863 2223 1082 2275 officium
1105 2226 1115 2274 !
1154 2223 1187 2274 si
1210 2225 1356 2275 saucia
1379 2241 1520 2291 poena
1541 2218 1763 2274 notanda.

836 2293 896 2343 Et
921 2292 1130 2343 suscitare
1153 2308 1365 2343 mortuos

583 2355 729 2419 Effer,
744 2356 776 2410 fi
788 2361 953 2428 poffet,
975 2360 1130 2429 Regi&
1143 2380 1244 2412 non
1263 2360 1457 2428 perdere
1474 2360 1620 2413 vivos,

836 2431 996 2481 :Errare
1019 2446 1267 2497 nequeunt
1289 2429 1518 2488 Praefides,

581 2494 716 2549 Dum
739 2493 998 2550 clementer
1010 2515 1173 2565 agunt.
1208 2501 1374 2549 Errant
1395 2497 1428 2548 si
1447 2495 1627 2567 Regula
1645 2494 1838 2566 Regum

835 2567 1104 2618 Dimittitur
1128 2566 1408 2620 Clementia.

580 2633 688 2686 Una
709 2635 804 2686 dies
826 2652 1011 2703 poterat
1034 2638 1353 2704 praegrandem
1377 2634 1571 2704 perdere
1591 2633 1895 2704 Olynthum,

829 2707 996 2771 Quam
1021 2705 1169 2754 nullus
1194 2724 1341 2757 annus
1364 2707 1521 2772 eriget.

581 2772 794 2844 Augusto
820 2770 1057 2824 crescebat
1080 2774 1265 2832 honor,
1291 2767 1520 2844 nomenss
1537 2789 1773 2841 perenne,

828 2841 1051 2909 ‘Qoustss
1077 2843 1194 2892 vixit
1215 2842 1422 2893 redditus
1495 2886 1499 2889 .

577 2907 737 2958 “Cinna
755 2908 854 2958 fibi.
895 2911 1110 2976 Princeps
1132 2911 1357 2962 Clemens
1382 2910 1456 2961 sua
1478 2908 1698 2960 Nomina
1719 2905 1850 2959 caelat

832 2979 1099 3028 rAEternitati
1126 2976 1302 3029 florida.

581 3043 746 3095 Gentis
767 3062 930 3103 amor,
957 3065 1018 3113 po
1056 3046 1166 3117 ulicsp
1191 3046 1470 3115 salusffquam
1495 3044 1648 3097 dulcia
1671 3045 1863 3113 Regum

832 3113 951 3165 Sunt
975 3114 1062 3164 sora
1087 3117 1226 3182 digna
1248 3116 1482 3166 Nomina!

576 3179 805 3237 Poenimit
823 3201 1071 3257 nunquam
1087 3185 1395 3235 Clementem
1420 3181 1719 3234 ALBERTE
1740 3175 2200 3234 RUDOLPHUM»

828 3251 1118 3305 Severiorem
1139 3254 1357 3321 poenitet.

1903 3464 2101 3650 M
2157 3465 2367 3645 U-
