2457 3961
162 151 326 207 raeulis
345 152 394 203 in
408 146 697 218 perfidorum
716 148 890 218 capita3
915 146 1115 200 nimium
1127 146 1429 200 connaturale
1441 146 1661 200 vindicta:
1684 145 2056 198 instrumentum
2074 144 2281 200 mundus

161 224 229 273 est
237 222 420 287 semper
433 217 619 287 perfidis
636 217 850 269 infensus.
887 217 1120 285 Agesilaus
1131 216 1304 284 Spartae
1315 217 1437 274 Rex,
1458 215 1572 267 cum
1587 217 1821 283 imparato
1830 216 2064 268 Perfiirum
2088 215 2233 283 Regi,
2256 217 2283 266 a

162 287 466 356 Tissapherne
478 287 696 355 supremo
706 285 914 355 ejusdem
927 286 1098 353 fiitrapa
1112 283 1293 352 perfide
1302 281 1545 351 requisitus
1558 285 1766 335 inducias
1781 284 2030 335 indulfiffet
2043 284 2101 333 ad
2114 301 2282 351 pacem

161 355 552 425 componendam
565 393 582 413 ,
612 355 730 406 cum
747 353 928 406 audiret
949 354 1098 405 Persas
1118 352 1417 404 induciarum
1444 365 1662 419 tempore
1675 354 1829 420 copias
1842 369 2027 420 cogere,
2039 356 2090 404 &
2103 349 2281 403 bellurn

162 429 343 477 summa
367 425 413 477 vi
425 440 590 475 contra
613 423 760 474 fidem
779 439 1051 489 comparare
1075 458 1090 480 ,
1121 420 1185 473 nil
1212 434 1371 472 motus
1397 418 1562 487 profici
1582 422 1631 471 in
1651 437 1710 472 eo
1731 420 1815 471 fibi
1839 419 2047 471 multum
2070 419 2281 471 dicebat:

163 495 272 562 quia
286 493 485 561 perjurio
498 490 578 543 suo
588 490 793 559 perfidus
807 491 931 542 Persa
944 493 994 541 &
1008 490 1226 540 homines
1240 488 1474 548 alienaret,
1487 492 1538 542 &
1549 492 1678 542 Deos
1694 489 1909 542 redderet
1919 490 2081 540 iratos:
2098 489 2213 542 hinc
2223 488 2275 542 si-

167 562 216 614 bi
228 580 330 616 non
340 561 541 614 dubium
552 558 863 628 triumphum.
905 557 1052 610 Dicto
1062 557 1299 626 respondit
1310 572 1518 612 eventus,

331 700 374 750 A
390 694 572 766 perfido
582 695 793 763 Principe
806 713 926 746 unus
935 693 1168 764 decipitur
1178 691 1398 764 populus3
1408 693 1716 749 offenduntur
1724 711 1902 748 omnes.
1914 691 2085 747 Nullus
2094 694 2284 751 amicus2

164 767 272 837 quia
289 785 433 818 nemo
444 781 597 825 tutus;
615 763 796 815 inimici
812 763 1004 831 singuli,
1026 765 1134 831 quia
1146 765 1284 815 cauti.
1326 763 1498 814 Melior
1519 781 1701 831 apertus
1712 764 1866 824 hostis,
1878 766 2023 833 quam
2046 763 2282 815 simulatus

163 836 344 887 amicus
357 850 369 890 t
393 834 464 884 ille
475 849 677 884 armatus
690 847 921 884 armatum
934 833 1122 900 impetit
1133 831 1322 900 periculi
1331 832 1578 884 conscium
1591 871 1607 890 ,
1631 831 1870 883 simulator
1881 834 2112 884 inermem
2124 831 2284 883 obruit

163 901 450 972 praefidentis
463 900 689 954 securum.
728 901 825 952 Uni
837 900 1110 967 foedifragus
1121 900 1353 968 suspectus
1367 900 1422 952 fit
1435 901 1681 962 omnibus3
1702 903 1810 969 quia
1825 918 1904 969 par
1916 902 2135 952 omnium
2148 901 2282 959 rati0‚

162 989 268 1040 quae
279 972 429 1028 uniuS‚
444 969 557 1021 fides
572 969 690 1020 data.
727 970 780 1020 In
793 967 1002 1037 suspe&o
1028 968 1234 1037 suspecta
1257 971 1442 1020 omnia:
1465 969 1729 1038 suspectum
1749 970 1935 1028 foedus,
1952 969 2157 1037 suspecta
2211 986 2283 1019 ro-

161 1038 520 1106 miffi‚suspe&a
534 1037 781 1107 pax,atque
791 1037 1069 1106 hincaperta
1089 1037 1265 1089 diffidia
1287 1057 1296 1087 :
1313 1037 1553 1114 siquidem
1568 1038 1907 1109 paeefhsbeest'a
1928 1040 2083 1088 tutius
2104 986 2282 1088 belgam.

160 1109 241 1176 (p)
274 1106 405 1160 Cum
414 1104 638 1178 plurimis
646 1108 813 1157 amicis
828 1107 1027 1174 fhrtuna
1036 1107 1312 1177 Principum
1325 1105 1553 1178 indigeat,
1564 1108 1842 1177 praecipuum
1855 1106 1915 1175 est
1925 1106 2161 1177 Principis
2179 1123 2284 1156 mu-

163 1178 440 1228 nusamicos
447 1188 630 1246 parare.
667 1175 746 1243 (q)
780 1175 866 1225 Vix
877 1173 1006 1226 dabis
1014 1174 1254 1226 historicus
1267 1173 1631 1243 Rernpublicam
1643 1213 1660 1233 ,
1689 1192 1794 1243 quae
1814 1176 1936 1226 inter
1946 1191 2141 1242 magnas
2164 1172 2288 1225 sem·

160 1263 245 1314 per
254 1262 543 1313 magnorum
553 1241 886 1297 vicissitudines
897 1243 978 1295 diu
988 1243 1192 1306 stetiffet5
1203 1261 1346 1312 quam
1357 1262 1457 1295 non
1469 1243 1718 1312 aliquando
1731 1244 1868 1294 amici
1881 1261 2049 1294 manus
2059 1241 2285 1301 sustinuit,

161 1331 224 1366 ne
236 1314 475 1366 decideret
484 1331 541 1365 ex
561 1312 655 1364 alto
667 1312 878 1364 fortunat.
949 1313 1071 1365 Non
1084 1313 1169 1364 suis
1182 1311 1369 1364 tantum
1383 1349 1397 1371 ‚
1414 1311 1491 1364 sed
1508 1311 1661 1364 alienis
1683 1310 1856 1364 viribus
1869 1328 2037 1380 potens
2048 1312 2113 1363 est
2125 1313 2142 1361 Ι
2146 1328 2280 1378 mpe-

163 1400 291 1441 ranS,
318 1383 399 1450 qui
412 1382 571 1434 amicis
585 1381 819 1443 abundat3
843 1381 953 1449 quia
966 1382 1229 1433 amicorum
1249 1380 1530 1432 communia
1544 1380 1651 1432 sunt
1670 1381 1863 1439 omnia,
1886 1382 2026 1433 etiam
2054 1380 2280 1447 potentia.

161 1454 321 1518 Argue
334 1450 564 1519 sequelam
579 1449 786 1508 Politice,
797 1450 941 1519 quarn
954 1468 1092 1518 grave
1101 1450 1443 1501 detrimentum
1455 1447 1537 1500 sibi
1550 1447 1680 1507 fecit,
1699 1452 1750 1501 &
1762 1448 2026 1518 reipublicae
2041 1450 2257 1515 Princeps
2267 1483 2282 1507 ,

162 1523 272 1589 quia
287 1518 478 1587 perfidia
490 1520 665 1571 amicos
676 1518 840 1570 amisit.
874 1520 1006 1569 Errat
1015 1518 1216 1587 quisquis
1227 1517 1465 1569 fraudibus
1476 1517 1661 1569 lucrum
1679 1521 1834 1585 sperat.
1888 1519 2102 1569 Levitate
2115 1517 2284 1570 verbo-

161 1606 267 1640 rum
280 1586 557 1640 levissimam
567 1587 679 1639 facit
688 1588 925 1656 Imperans
936 1588 1196 1644 fortunam,
1208 1587 1316 1655 quia
1337 1605 1584 1656 nunquam
1599 1585 1800 1643 firmam.
1845 1582 2118 1656 Impoſsibile
2138 1586 2198 1652 est
2211 1587 2282 1636 in—

149 1656 351 1724 justum,
358 1661 630 1726 perjurum,
653 1656 717 1713 Εἴ
737 1652 964 1707 audacem
981 1657 1244 1725 potentiam
1262 1653 1457 1721 firmam
1477 1658 1689 1706 retinere.
1725 1659 1788 1721 (r)
1822 1655 2041 1706 Romana
2054 1655 2283 1723 MaJestas,

162 1742 215 1777 ut
229 1743 337 1778 eam
349 1724 658 1794 assequeretur
672 1723 1062 1792 amplitudinem,
1085 1723 1179 1792 quai
1191 1724 1435 1777 aeternitati
1457 1724 1558 1775 idea
1572 1722 1704 1776 fieret
1729 1727 2021 1792 Magnorum
2045 1724 2285 1791 Imperan-

162 1795 299 1852 tium,
306 1798 409 1863 jam
421 1810 525 1845 tum
537 1794 563 1844 a
577 1794 724 1860 prima
735 1791 938 1862 ejusdem
950 1792 1131 1860 origine
1147 1793 1311 1845 Numa
1325 1792 1579 1860 Pompilius
1591 1793 1798 1860 providit
1822 1806 1901 1843 :ut
1920 1784 2051 1851 fides,
2073 1809 2130 1842 ac
2143 1796 2284 1856 jura-

160 1876 373 1915 mentum
385 1861 601 1982 gropuffo
613 1863 783 1933 legum,
795 1881 853 1913 ac
868 1874 1113 1933 poenarum
1135 1875 1262 1912 metu
1283 1863 1537 1912 civitatem
1560 1874 1781 1931 regerent.
1821 1862 1882 1928 (s)
1916 1861 2067 1923 Quod
2082 1861 2287 1911 intendit

160 1932 383 1989 Roma,o
421 1932 587 1991 tinuit3
611 1929 871 1982 tenaxfidei
893 1946 1083 1982 tantum
1107 1931 1262 1981 tenuit
1287 1930 1570 1996 Imperium,
1594 1934 1645 1982 &
1672 1946 1747 1981 tot
1767 1929 1936 1981 saeculis
1955 1930 2160 1984 retinuit.
2215 1929 2282 1979 O-

161 1996 348 2052 mnibus
359 2003 527 2072 quippe
538 2001 784 2050 virtutum
828 1995 1039 2051 eneribus
1051 1995 1614 2072 exercendis,colendisque
1625 1995 1825 2069 Populus
1835 1999 2076 2051 Romanus
2097 1994 2120 2049 ἑ
2121 2010 2289 2068 parva

116 2121 119 2123 ,
159 2070 343 2139 origine
353 2066 421 2118 ad
427 2081 562 2118 tanta
573 2068 776 2139 amplitu
811 2069 905 2119 inis
919 2067 1069 2136 instar
1082 2069 1300 2118 emicuit:
1319 2065 1404 2135 sed
1421 2070 1635 2118 omnium
1659 2065 1869 2118 maxime
1881 2105 1896 2125 ‚
1918 2080 1971 2119 at
2007 2064 2287 2136 uepraecipu·

159 2135 386 2202 amfidem
397 2134 554 2194 coluit,
552 2133 867 2210 ſsmeffa'mque
879 2133 1046 2186 habuit
1055 2172 1069 2194 ,
1091 2149 1193 2187 tam
1200 2133 1444 2206 privatim
1456 2174 1472 2193 ,
1493 2136 1639 2207 qudm
1645 2132 1840 2203 publice.
1876 2136 1943 2202 (t)
2013 2149 2128 2186 avet
2135 2137 2287 2204 pieta·

159 2201 432 2278 ti,fidet'que
443 2206 595 2263 Deus,
601 2218 686 2275 per
695 2223 788 2276 quae
802 2203 1005 2274 ‘Populus
1018 2206 1262 2256 Romanus
1274 2202 1340 2255 ad
1345 2216 1536 2254 tantum
1537 2203 1794 2274 fasttgium
1800 2200 2033 2276 pervfnit.
2049 2206 2123 2268 (u)
2135 2204 2281 2254 Tam·

158 2274 239 2323 diu
255 2272 387 2324 firma
406 2273 604 2340 imperia
615 2311 630 2331 ,
655 2274 887 2342 quamdiu
898 2271 1032 2324 firma
1046 2272 1159 2326 fides
1171 2272 1426 2331 foederum,
1437 2275 1489 2324 &
1502 2272 1764 2340 pectorum.
1813 2273 2003 2324 Diceres
2022 2271 2080 2322 ab
2095 2287 2287 2324 amente

160 2343 256 2409 regi
270 2341 634 2409 Rempublicam
648 2380 664 2400 ,
680 2339 761 2393 ubi
775 2340 978 2409 perfidus
991 2339 1243 2409 gubernat3
1266 2342 1374 2409 quia
1387 2359 1487 2392 non
1500 2342 1682 2392 constat
1694 2338 1789 2391 sibi.
1824 2338 1998 2391 Callida·
2006 2377 2020 2399 ,
2050 2338 2113 2397 Εἴ
2135 2343 2287 2411 impo-

155 2410 309 2480 stores,
321 2407 901 2482 quantumvispfhbtilibm
915 2407 1113 2477 constltjs
1126 2405 1250 2467 rarb,
1268 2423 1354 2460 aut
1366 2427 1612 2479 nunquam
1625 2407 2285 2479 adpotentiamperveniunn

160 2492 249 2530 aut
288 2498 329 2537 ι,
350 2480 403 2529 in
421 2498 473 2529 ea
497 2497 591 2529 non
615 2481 729 2543 fient
730 2476 885 2546 firmi.
933 2478 1007 2545 (x)
1054 2478 1305 2530 Pastorum
1329 2477 1539 2529 debilitas
1575 2476 1771 2529 firmum
1792 2477 1858 2528 est
1879 2476 2039 2529 debilis
2061 2477 2284 2545 Principis

160 2563 508 2681 azguyaelenusm·
575 2547 681 2617 Qui
701 2549 829 2598 enim
822 2544 988 2614 fallit,
1017 2548 1079 2603 Εἴ
1096 2545 1297 2617 decipit3
1320 2541 1368 2598 ec)
1371 2545 1525 2614 facit,
1543 2548 1663 2621 quia
1666 2547 1895 2618 potentia,
1914 2544 1977 2605 Εἴ
1988 2542 2180 2599 viribus
2192 2548 2288 2609 ml}

160 2633 251 2667 nus
337 2618 392 2666 it.
448 2618 504 2683 y)

330 2751 540 2804 Vistoria
549 2750 712 2804 fraude
722 2768 852 2820 parta
862 2770 962 2804 non
974 2768 1178 2805 meretur
1192 2752 1506 2822 triumphum,
1521 2750 1605 2805 nisi
1619 2754 1741 2806 inter
1749 2749 2108 2806 acclamationes
2121 2767 2286 2821 expro-

160 2819 414 2873 brantium.
482 2820 822 2890 Abgandestrio
833 2824 1089 2874 Cattorum
1101 2824 1299 2891 Principi
1320 2824 1519 2891 Arminij
1534 2838 1739 2875 mortem
1752 2821 1985 2882 offerenti,
1998 2822 2030 2875 fi
2043 2839 2289 2875 venenum

159 2889 515 2942 submitteretur
525 2926 539 2948 ‚
559 2889 798 2959 respondit
811 2891 992 2944 senatus
1004 2911 1014 2941 z
1030 2892 1150 2943 Non
1146 2890 1344 2959 fraude,
1355 2891 1453 2966 neq}
1465 2890 1667 2950 occultu,
1674 2887 1836 2961 paldm
1848 2905 1944 2964 atffi
1953 2905 2194 2943 armatum
2206 2891 2289 2941 Po-

152 2965 321 3030 pulum
331 2959 600 3010 Romanum
609 2960 814 3010 vincere.
850 2961 922 3026 (z)
959 2962 1072 3011 Hoc
1084 2959 1350 3027 gloriosam,
1363 2961 1457 3011 hoc
1471 2958 1697 3012 laudabile
1716 2961 1914 3029 magnis.
1986 2960 2033 3012 Si
2046 2959 2210 3025 Turpe
2220 2959 2286 3009 est

160 3026 274 3078 dolo
285 3026 465 3084 vicisse,
490 3027 604 3095 quid
617 3025 834 3095 perfidiai?
858 3029 973 3096 quid
987 3029 1210 3098 perjurio?
1233 3029 1346 3080 Hoc
1373 3029 1476 3080 sane
1501 3048 1601 3080 non
1624 3029 1731 3087 viri,
1755 3031 1833 3081 vix
1853 3025 2049 3079 imbellis
2072 3027 2284 3079 foeminae

160 3096 237 3146 est.
307 3095 382 3146 Sic
395 3095 584 3146 vincere
596 3097 738 3146 etiam
753 3090 1020 3148 effaeminati
1030 3099 1152 3149 inter
1163 3096 1311 3148 scorta
1321 3096 1571 3149 militantes
1586 3096 1771 3166 possunt
1781 3134 1798 3155 ,
1820 3094 1990 3165 quibus
2012 3093 2163 3147 nullus
2185 3096 2285 3145 ania

160 3182 266 3215 mus
282 3200 295 3222 ‚
319 3163 396 3214 sed
410 3164 653 3230 ignavum,
665 3168 716 3215 ὅ(
730 3164 1003 3216 vilisfimum
1014 3183 1107 3217 cor.
1144 3166 1310 3218 Victor
1323 3166 1592 3234 foedifragus
1602 3183 1702 3217 non
1724 3164 1852 3216 miles
1863 3201 1877 3224 ‚
1894 3165 1972 3231 sed
1995 3163 2111 3215 latro
2122 3165 2284 3214 dicen-

160 3232 245 3282 dus
258 3233 322 3282 est
334 3248 348 3290 ς
377 3233 563 3300 utrique
575 3234 845 3284 communis
859 3234 1011 3285 honos
1025 3271 1038 3293 ‚
1059 3234 1166 3302 quia
1176 3234 1350 3302 aequale
1364 3235 1550 3286 facinus
1595 3233 1701 3285 Vah
1713 3233 1888 3302 pudor!
1910 3232 2093 3302 Praestat
2109 3228 2283 3299 honest?

162 3301 332 3358 vinci,
355 3296 502 3372 qudm
514 3299 694 3368 ncflzrie
704 3303 908 3353 vincere.
944 3304 1042 3369 (aa)
1076 3301 1222 3354 Malo
1237 3303 1512 3370 mefortunae
1530 3304 1778 3372 poem'teat,
1797 3298 1944 3373 qudm
1969 3304 2178 3352 vt'c‘soriae
2194 3313 2284 3370 pu-

161 3368 281 3418 deat.
318 3364 430 3432 (bb)
464 3367 540 3419 Illa
552 3367 704 3421 solum
721 3388 841 3420 vera
859 3372 1097 3429 vidoria,
1120 3390 1213 3445 qua
1227 3370 1373 3437 [dlva
1375 3369 1496 3438 fide,
1517 3369 1577 3428 Εἴ
1604 3374 1792 3441 integra
1814 3369 2052 3441 dtgnitate
2069 3382 2283 3433 paratum

162 3437 267 3502 (cc)
302 3436 351 3485 O
366 3435 592 3493 militem!
617 3438 666 3485 O
680 3438 862 3488 virum!
883 3440 964 3507 qui
978 3439 1115 3490 urbes
1128 3455 1333 3506 occupat
1346 3473 1359 3498 ‚
1380 3443 1431 3491 &
1446 3440 1751 3490 munimenta
1775 3442 1953 3490 amicus
1973 3438 2152 3487 amico:
2176 3454 2235 3486 ne
2248 3434 2282 3486 si

163 3504 305 3556 hostis
320 3502 428 3559 esset
443 3542 462 3564 ,
484 3502 544 3558 ab
555 3505 689 3559 hoste
698 3506 880 3575 fugeret
895 3505 1089 3560 imbellis
1104 3528 1114 3558 z
1137 3526 1237 3559 non
1253 3507 1375 3558 bello
1385 3508 1552 3569 vincit,
1563 3506 1642 3561 sed
1650 3507 1780 3561 furto
1790 3506 2018 3559 subducit.
2057 3507 2282 3572 Occupa-

1187 3578 1248 3628 M
1272 3591 1304 3628 2
1410 3596 1419 3605 ·
2234 3584 2283 3621 ta
