2457 3961
139 154 251 208 vitae
265 151 365 222 spes
375 150 631 207 vacillavit:
641 151 762 206 adeo
774 151 1080 223 virtus,quatn
1094 152 1254 225 neque
1265 152 1421 208 metus
1430 153 1719 225 stringiuiie'c
1730 152 1857 210 castis
1869 152 2278 226 prosternit,etiam

136 224 188 277 in
196 223 330 275 hoste
343 223 637 275 venerationi
650 222 726 274 est.
763 224 829 274 At
840 222 956 274 vero
968 221 1050 274 ubi
1059 240 1174 276 cum
1186 223 1322 276 vultu
1333 224 1554 294 Principis
1566 226 1748 278 animus
1760 244 1847 294 pro
1858 227 1979 279 varia
1990 227 2181 279 fortuna
2193 228 2278 280 flu-

136 291 295 351 cstuat3
319 291 504 343 arundo
527 291 809 359 Regnorum
825 291 891 343 est
911 290 1131 351 felicitas,
1149 290 1397 362 tranquilla
1417 310 1686 362 nunquam,
1705 294 1914 363 inquieta
1929 294 2121 362 semper.
2156 295 2279 347 Sub-

135 359 350 413 ditorum
367 360 498 413 enim
508 359 740 412 affectum
752 359 907 412 vultus
920 360 1144 430 Principis
1168 378 1226 414 ex
1261 361 1405 413 rimit.
1455 362 1570 413 Hoc
1592 361 1688 414 solo
1708 362 1926 422 turbam,
1953 379 2006 415 ut
2028 367 2074 414 in
2100 363 2277 432 eclypsi

137 427 253 480 Solis
268 426 425 480 assolet
435 467 451 489 ,
473 426 690 481 turbatur
700 427 836 480 orbis.
857 428 928 480 lta
940 429 1151 481 Othonis
1163 380 1351 482 vultum
1369 429 1695 489 intuebantur,
1708 446 1954 499 quotquot
1964 450 2076 483 cum
2091 451 2152 482 eo
2162 450 2277 485 con.

137 499 269 549 vivio
291 495 676 554 accumbebantt
694 510 750 548 ut
779 495 793 510 ²
811 498 976 548 evenit
996 494 1244 550 inclinate?
1265 496 1650 567 adfflspicionem
1671 496 1933 558 mentibus,
1957 493 2067 552 ckm
2087 502 2279 553 timeret

136 563 263 618 Otho
274 603 292 625 ,
319 562 580 618 timebatur
589 586 609 616 .·
642 566 743 632 (m)
814 565 907 616 aud
917 565 1047 617 secus
1056 602 1069 625 ,
1080 582 1136 617 ac
1144 566 1265 622 dum
1277 584 1336 620 ex
1349 565 1576 620 Naucleri
1588 565 1734 621 oculis
1742 568 1792 640 ij,
1805 568 1888 638 qui
1899 567 1950 621 in
1960 570 2132 622 eadem
2145 571 2273 631 navi,

138 633 260 696 sunt,
271 633 502 704 colligunt
509 669 526 695 ‚
551 651 674 686 num
683 635 932 703 tempestas
943 635 1129 704 grandis
1141 633 1211 687 sit.

307 769 444 822 Hinc
488 765 709 822 Tiberius
743 768 991 823 tristiffima
1018 769 1222 841 quaeque
1254 770 1495 825 occultare
1529 767 1771 824 laborabat
1803 771 2017 827 Maronis
2055 774 2273 827 monito:

122 838 255 913 spem
265 836 435 891 vultus
431 835 658 907 simulat,
677 841 852 909 premit
863 836 1017 891 altum
1031 839 1165 892 corde
1188 836 1403 892 dolorem.
1473 842 1693 894 Ferreum
1714 842 1944 894 nimirum
1962 844 2155 896 indutus
2175 846 2268 894 am}

135 925 276 960 mum
287 908 446 960 vitreae
462 908 680 959 Fortunat
701 906 893 958 insultus
912 907 1032 960 dum
1053 908 1220 977 fregit,
1240 908 1347 960 rifit.
1381 907 1549 977 Mifir
1567 908 1657 981 est,
1679 909 1830 985 quist
1846 929 1940 963 non
1962 912 2277 981 beatxsst'mum·

121 973 324 1045 judicat
334 1014 350 1035 ,
369 973 480 1028 licet
499 974 675 1028 mundo
689 976 898 1048 imperet.
936 976 1016 1045 (n)
1051 977 1195 1029 Unde
1205 977 1496 1030 summarum
1510 978 1614 1030 haec
1634 979 1719 1031 dos
1731 1015 1745 1037 ‚
1768 981 1819 1030 &
1830 996 1912 1031 cos
1922 980 1987 1031 est
2001 982 2239 1032 mentium
2253 1000 2271 1031 .-

172 1043 264 1096 offe
275 1044 382 1096 laeto
390 1044 553 1096 animo
567 1044 753 1097 adversa
763 1045 961 1097 tolerare
976 1083 992 1104 ,
1015 1048 1067 1098 &
1086 1045 1320 1115 quidquid
1334 1045 1420 1099 tibi
1433 1047 1655 1100 acciderit
1667 1083 1681 1106 ,
1704 1046 1767 1099 fic
1778 1047 1919 1106 ferre,
1945 1047 2072 1116 quasi
2086 1047 2172 1100 tibi
2188 1066 2272 1102 vo·

135 1061 272 1166 liieris
289 1112 515 1166 accidere.
552 1114 631 1181 (o)
664 1112 783 1166 Sane
795 1131 946 1165 nemo
956 1115 1226 1184 Principum
1240 1115 1337 1167 hoc
1348 1114 1447 1166 solo
1458 1113 1620 1167 beatus
1633 1116 1775 1177 vivit3
1791 1117 1921 1185 quod
1937 1118 1984 1167 su
1989 1135 2068 1185 pra
2079 1133 2273 1170 caeteros

135 1183 369 1243 emineat3
385 1199 532 1234 nemo
545 1183 674 1234 enim
686 1182 931 1251 hucusque
942 1180 1026 1234 sub
1038 1199 1136 1237 tam
1159 1183 1366 1252 benigna
1385 1183 1663 1237 fideratione
1685 1185 1885 1256 primam
1909 1187 2016 1237 vitae
2036 1186 2192 1238 lucem
2205 1187 2272 1238 est

133 1251 419 1319 auspicatUS,
441 1255 571 1319 cujus
584 1251 912 1320 horoscopum
923 1250 1153 1304 sinistrum
1165 1252 1357 1321 aliquod
1371 1253 1541 1305 astrum
1552 1272 1654 1306 non
1668 1254 2025 1323 attemperaffet.
2096 1257 2271 1307 Gravia

135 1319 242 1372 sunt
262 1319 495 1372 Caesarum
510 1320 793 1379 diademata,
805 1320 854 1371 in
866 1320 1037 1389 quibus
1052 1339 1174 1374 cura:
1185 1358 1199 1381 ‚
1221 1319 1339 1373 bella
1351 1357 1365 1382 ,
1387 1323 1439 1375 &
1459 1338 1614 1374 metus
1626 1321 1896 1374 nidificant:
1923 1324 2067 1391 atque
2082 1339 2134 1375 ut
2145 1324 2271 1375 sum-

133 1390 203 1441 mi
228 1404 418 1440 montes
439 1387 793 1457 tempestatibus
807 1387 1072 1458 subjacent3
1096 1390 1159 1442 sic
1174 1408 1344 1459 magna
1357 1408 1500 1460 regna
1517 1409 1707 1460 magnas
1721 1389 1878 1443 turbas
1902 1394 2165 1461 patiuntur,
2190 1392 2269 1444 sae-

134 1449 294 1527 peque
315 1458 434 1510 dum
443 1457 597 1508 hostes
609 1456 719 1508 foris
732 1457 928 1517 desunt,
948 1458 1202 1511 nascuntur
1224 1459 1389 1511 domi:
1420 1453 1694 1529 ferrumque
1717 1459 1962 1530 quandoq3
1982 1462 2265 1515 timendum

134 1527 201 1580 est
213 1527 428 1598 Principi,
439 1544 538 1596 quo
551 1525 669 1579 latus
679 1527 868 1596 tegitur,
877 1526 1033 1597 &ipsa
1045 1528 1230 1580 timoris
1243 1545 1370 1580 arma
1383 1529 1488 1583 sunt
1495 1528 1805 1583 formidanda.

642 1664 811 1735 Saepius
831 1665 994 1716 ventis
1013 1666 1234 1736 agitatur
1255 1669 1422 1737 ingens

642 1732 792 1785 Pinus
811 1769 825 1791 ‚
856 1731 918 1790 Εἴ
940 1730 1052 1802 celsae
1071 1737 1308 1805 graviore
1330 1735 1460 1804 lapfh

641 1799 892 1857 Decidunt
913 1815 1067 1854 turres
1079 1797 1334 1875 ,feritintqf
1350 1808 1556 1869 summos

1249 1870 1471 1925 Fulmina
1495 1884 1684 1925 montes.
1720 1872 1801 1942 (p)

302 2007 529 2077 Expertus
547 2005 595 2058 id
605 2003 821 2076 expressit
844 2025 1043 2078 magnus
1075 2007 1410 2078 Hispaniarum
1443 2007 1711 2061 Monarcha
1738 2007 1974 2078 Philippus
1995 2027 2008 2071 3
2039 2009 2121 2078 qui
2142 2008 2264 2063 dum

130 2072 303 2131 Albani
316 2091 488 2135 morte,
500 2079 551 2128 δε
562 2076 723 2129 multis
737 2094 842 2146 quae
856 2078 906 2128 in
916 2096 970 2129 ea
980 2095 1140 2129 rerum
1150 2078 1370 2131 felicitate
1381 2074 1621 2132 obvenere
1632 2077 2263 2137 funeribu3‚indoleret‚audi-

129 2161 205 2198 tus
217 2145 282 2196 est
292 2185 308 2204 ,
329 2144 448 2197 cum
458 2145 658 2196 diceret:
684 2164 937 2215 nunquam
948 2147 991 2198 se
1002 2145 1165 2198 melius
1186 2163 1437 2216 expertum
1449 2166 1609 2199 rerum
1621 2148 1938 2199 humanarum
1951 2149 2077 2199 vices
2091 2163 2105 2207 ς
2128 2147 2263 2214 quod

127 2213 370 2273 videlicet,
397 2231 496 2282 quo
506 2229 726 2281 tempore
738 2230 813 2266 tot
825 2216 975 2284 regnis
987 2215 1245 2283 augebatur
1256 2254 1272 2275 ,
1295 2232 1413 2268 tunc
1423 2219 1475 2268 δε
1494 2217 1820 2283 Primogenito
1831 2234 2086 2283 regnorum
2101 2218 2264 2268 Haere-

127 2283 209 2341 de,
223 2287 273 2335 &
298 2284 444 2351 Regia
456 2283 677 2351 Conjuge
687 2319 701 2342 ,
723 2286 775 2336 ὅ(
788 2283 977 2335 summo
989 2322 1006 2343 ,
1028 2282 1223 2353 fidoque
1236 2285 1413 2336 militiae
1431 2286 1554 2336 duce
1568 2282 1821 2336 orbaretur.
1857 2286 2095 2345 Quinimo
2120 2285 2262 2335 Otho

127 2352 201 2405 Im
239 2368 390 2403 erator
405 2352 561 2404 dicere
574 2350 749 2404 solebat
773 2372 791 2403 .·
827 2352 1042 2421 Nescitis
1054 2354 1218 2412 amici,
1265 2352 1418 2424 ut'dstt
1433 2355 1702 2406 Romanum
1699 2350 1968 2424 gubernare
1979 2354 2262 2424 Imperium:

128 2422 200 2475 mi
232 2423 252 2470 i
263 2418 438 2471 credite
433 2424 546 2485 jam
557 2432 742 2481 experto
755 2458 771 2478 ,
797 2422 886 2494 qui
881 2426 995 2487 jam
1005 2423 1134 2473 mori
1141 2372 1293 2480 malqO,
1314 2420 1461 2495 qudm
1481 2424 1549 2474 im
1581 2440 1724 2473 erare.
1783 2423 1904 2473 Non
1927 2422 2055 2474 enim
2079 2422 2262 2489 semper

127 2490 295 2542 eadem
309 2488 414 2539 sunt
426 2490 719 2541 incrementa
729 2488 940 2549 honoris,
956 2492 1008 2542 &
1018 2490 1262 2550 felicitati5‚
1274 2489 1389 2559 saepe
1401 2490 1520 2542 dum
1535 2493 1547 2542 i
1567 2491 1607 2542 le
1620 2489 1792 2550 influit,
1804 2491 1883 2542 ista
1903 2490 2058 2542 effluit
2067 2526 2082 2549 ,
2105 2493 2156 2543 &
2176 2488 2263 2543 sub

128 2559 291 2625 magni
302 2557 507 2608 nominis
520 2554 686 2609 umbra
698 2573 896 2626 negatur
909 2559 1052 2626 quies.
1131 2561 1309 2629 Neque
1318 2558 1448 2611 aliter
1458 2559 1648 2628 Regum
1663 2559 1808 2627 quies,
1821 2558 1970 2628 quam
1991 2559 2128 2611 maris
2141 2574 2266 2612 tran-

127 2627 606 2696 quillitas,momento
617 2624 843 2678 turbatur.
914 2630 1052 2695 Qos
1073 2626 1157 2678 alia
1167 2645 1226 2679 ex
1235 2628 1326 2697 alijs
1338 2645 1449 2680 cura
1458 2627 1636 2696 fatigat,
1647 2643 1786 2679 vexat
1808 2629 1995 2681 animos
2007 2646 2133 2680 nova
2144 2642 2265 2681 tem-

124 2697 289 2766 pestaS,
299 2693 362 2752 Εἴ
373 2691 456 2745 ubi
465 2693 731 2768 tranquilla
743 2694 978 2747 videntur
988 2698 1164 2754 omnia,
1175 2716 1268 2749 non
1280 2695 1442 2763 defient
1453 2701 1687 2754 nocitura,
1683 2696 1778 2764 fid
1780 2697 2037 2771 quiescunt.
2049 2696 2264 2766 Charyb-

125 2765 234 2816 dim
243 2764 509 2820 credideriS,
522 2780 604 2814 aut
617 2765 889 2833 voraginem
898 2801 912 2824 ,
925 2782 1030 2833 quae
1043 2764 1169 2816 lente
1181 2766 1241 2817 de
1252 2783 1371 2834 gyro
1382 2766 1432 2817 in
1442 2783 1610 2833 gyrum
1622 2765 1894 2818 transmittit
1903 2765 2161 2833 navigium,
2174 2766 2265 2816 do-

128 2851 221 2887 nec
232 2833 290 2883 ad
305 2847 524 2883 centrum
535 2832 793 2884 reduetum
805 2835 966 2884 omnia
976 2831 1233 2885 absorbeat.
1294 2836 1427 2886 Hinc
1438 2835 1622 2902 grandis
1635 2833 1705 2885 Im
1710 2835 1819 2904 perij
1833 2834 2039 2884 oneraria
2055 2833 2263 2901 Ulyfl‘em

123 2899 420 2956 navarchum
431 2901 623 2968 expetit,
634 2905 763 2970 cujus
778 2902 962 2954 virtutis
981 2900 1127 2953 robur
1150 2920 1240 2955 nec
1253 2901 1480 2955 blandam
1490 2903 1655 2955 induta
1666 2902 1874 2956 Sirenem
1888 2901 2018 2954 molli
2029 2900 2259 2970 obsequio

126 2970 311 3038 frangat
322 2968 516 3020 felicitas
528 3004 542 3028 ‚
564 2971 718 3021 necin
728 2969 966 3022 furentem
977 2971 1177 3040 Scyllam
1200 2971 1484 3041 degenerans
1505 2971 1672 3024 latratu
1684 2970 1766 3023 suo
1789 2987 1959 3023 terreat
1988 2970 2233 3023 adversitas
2247 2988 2260 3021 ε

124 3040 228 3100 Qui
249 3038 315 3089 ibi
334 3038 479 3089 etiam
494 3038 634 3089 novit
653 3037 838 3090 firmam
863 3039 1007 3108 figere
1027 3056 1254 3093 votorum
1278 3040 1562 3099 anchoram,
1583 3039 1663 3092 ubi
1679 3039 1947 3107 portentosa
1958 3038 2260 3091 summorum

124 3108 225 3176 spes
235 3124 335 3158 non
354 3105 456 3156 raro
474 3105 695 3175 naufraga
717 3106 776 3160 de
787 3106 944 3160 littore
963 3108 1234 3176 desperavit.
1320 3109 1615 3178 Imperatoris
1643 3109 1773 3159 enim
1795 3106 2044 3175 quodlibet
2070 3124 2259 3174 tempus

124 3176 308 3231 virtutis
322 3175 387 3225 est
399 3173 596 3226 occasio.
668 3176 836 3235 AEstuS,
849 3179 900 3229 &
910 3176 1102 3229 malacia
1122 3177 1378 3237 Navarchi‚
1391 3175 1683 3246 prosperas&
1694 3175 1879 3227 adversa
1889 3176 2077 3226 fortuna
2101 3177 2258 3242 Impe-

124 3245 237 3296 toris
255 3245 635 3311 experimentum
648 3259 947 3313 extorquent.
1017 3246 1116 3314 Ipsa
1128 3246 1358 3297 nimirum
1372 3246 1581 3298 humana
1593 3245 1754 3296 omnia
1765 3245 1814 3295 in
1825 3244 1993 3294 orbem
2007 3261 2140 3301 eunt,
2152 3261 2256 3293 ver„

123 3308 319 3382 lantque
339 3310 566 3363 lubricam
578 3313 792 3364 Fortunat
805 3328 956 3365 rotam
969 3333 981 3364 :
1008 3330 1063 3365 ut
1075 3332 1156 3382 par
1173 3313 1246 3366 ille
1256 3315 1494 3382 Superum
1505 3314 1668 3366 animis
1680 3349 1693 3368 ‚
1719 3313 1800 3382 qui
1820 3327 1895 3364 tot
1914 3313 2037 3363 inter
2049 3312 2259 3363 fatorum

122 3382 252 3435 vices
283 3381 370 3432 stet
404 3381 651 3431 immotus.
738 3382 970 3433 Humano
1002 3386 1179 3451 quippe
1211 3386 1357 3453 majus
1394 3382 1567 3451 aliquid
1592 3383 1713 3433 inter
1727 3383 1937 3432 humana
1965 3380 2028 3431 nil
2052 3379 2251 3429 humani

122 3451 234 3520 pati.
260 3449 481 3520 Prodigio
504 3447 646 3507 affine
658 3448 751 3511 est,
772 3447 961 3504 lubricae
981 3449 1386 3574 sortissrligbjedtum
1408 3453 1518 3505 aleae
1530 3486 1546 3512 ,
1568 3468 1818 3521 nunquam
1841 3465 2004 3503 tamen
2018 3448 2252 3522 imparem

1143 3556 1145 3558 ψ
1206 3535 1240 3574 2
2108 3529 2254 3570 virtu-
