2457 3961
133 208 266 277 gulos
284 205 508 260 *convivia
529 204 783 262 Nobilitati
796 205 989 259 exhibet
1003 227 1014 258 z
1027 207 1088 260 -in
1109 207 1227 259 festo
1241 205 1488 264 D.1sidori,
1503 206 1579 258 die
1593 200 2154 257 AscensionisDominicae
2166 238 2182 258 ‚
2205 200 2258 253 in

132 276 589 334 Viti,&.·Modesti,ac
601 276 744 344 deniq
751 277 808 327 ue
822 278 871 326 in
882 276 1107 343 Stephani
1120 277 1388 327 Protomart
1423 276 1478 325 ris
1489 273 1650 326 festiva
1661 272 1766 324 luce
1777 310 1793 330 ,
1806 272 1880 324 vel
1891 269 1956 321 ob
1968 268 2258 321 solemnioris

128 345 294 398 laetitiae
306 343 699 411 significationem
712 344 954 395 insolitam.
987 345 1064 411 (o)
1078 344 1167 407 Sic
1179 343 1372 412 Alphon
1395 361 1444 393 us
1458 346 1518 392 X.
1534 379 1546 400 ,
1567 342 1679 394 curn
1693 339 1888 407 nuptiali
1913 338 2084 390 faedere
2101 336 2257 389 Perdi-

129 413 312 463 nandus
330 411 438 462 dela
451 412 680 469 Cerda‚&
694 411 863 464 Blanca
875 413 915 463 S.
931 412 1161 464 Ludovici
1180 411 1422 463 Gallorum
1436 411 1553 477 regis
1576 411 1666 462 filia
1682 414 2019 477 jungerentur,
2040 408 2256 458 Granatae

130 480 602 549 Regem,Eduardum
617 480 795 547 Angliae
811 481 1200 546 primogenitum,
1214 479 1480 547 Philippum
1495 478 1788 546 Delphinum
1800 475 1974 534 Galliae,
1987 476 2192 533 Petrum,
2203 476 2256 524 &

133 550 376 604 sanctium
388 547 879 615 InfantesArragoniae,
893 548 1322 601 Emmanuelem&
1335 547 1602 614 Philippum
1613 547 1784 604 fratre3‚
1797 545 2037 595 Sanctium
2051 545 2258 599 Petrum,

131 618 183 670 &
194 619 432 685 Joannem
446 616 574 673 filios,
589 615 806 666 rariorem
821 616 1027 683 denique
1039 632 1317 668 caeterorum
1329 617 1596 682 Principum
1609 631 1836 665 coronam
1850 613 1897 663 in
1911 611 2080 679 palatio
2090 612 2257 663 convi-

130 703 209 739 vas
221 686 399 737 habuit.
421 686 497 736 Ad
511 683 612 734 haec
627 683 896 751 prostabant
909 685 957 734 in
969 685 1092 742 foris,
1106 688 1158 736 &
1168 685 1394 751 compitis
1407 683 1580 735 mensae
1593 683 1776 750 lautitijs
1797 679 2117 738 refertiffimae,
2130 694 2258 747 pate-

132 752 343 823 bantque
356 753 534 821 populo
547 754 674 803 tanta
690 751 1043 804 succedentium
1054 751 1320 804 eduliorum
1331 750 1614 813 constantia&
1638 767 1691 802 ut
1705 749 2034 801 deficientibus
2046 750 2127 816 qui
2139 749 2258 799 aeci·

135 839 301 891 pererit
314 822 471 874 adhuc
483 820 643 876 essent,
658 822 739 889 qui
751 836 1043 888 apponerent
1056 836 1070 877 t
1093 820 1167 872 vel
1178 822 1237 872 ad
1251 821 1406 888 Regis,
1429 813 1656 888 regnique
1670 817 2108 871 commendandam
2134 832 2261 868 exte·

132 892 189 942 ris
200 891 398 949 famam,
410 908 465 941 ac
477 889 869 957 magnitudinem.
937 889 1013 939 Sic
1025 888 1235 941 Affuerus
1246 889 1359 940 fecit
1369 889 1544 957 grande
1566 890 1588 955 (
1619 905 1638 939 1
1649 904 1738 940 00.
1765 886 1982 939 videlicet
2002 889 2052 937 &
2072 892 2151 945 80.
2163 886 2259 936 die-

131 977 238 1010 rum
251 962 274 1026 )
287 959 564 1011 convivium
577 957 759 1010 canoris
772 955 1072 1024 Principibus,
1083 957 1338 1011 fortiffimis
1351 957 1868 1015 Persarum,Medorum
1883 955 2138 1022 inclytiS,&
2148 955 2262 1005 Prae.

130 1028 265 1079 scistis
280 1028 624 1095 provinciarum
641 1047 650 1076 ε
674 1042 727 1078 ut
741 1026 1006 1077 ostenderet
1016 1025 1196 1078 divitias
1211 1027 1368 1094 gloriae
1379 1027 1509 1094 regni
1522 1026 1585 1076 sui
1599 1062 1613 1083 ,
1628 1042 1682 1076 ac
1696 1025 2076 1092 magnitudinem
2092 1038 2262 1090 poten-

133 1097 208 1148 tiae
220 1096 321 1147 suae.
341 1097 420 1163 (p)
444 1096 534 1148 Sed
548 1101 598 1147 &.
611 1095 870 1146 Salomonis
881 1092 1011 1145 cibus
1034 1110 1130 1145 erat
1147 1096 1195 1145 in
1221 1096 1316 1146 dies
1330 1094 1530 1163 singulos
1552 1110 1629 1160 30.
1646 1095 1744 1145 cori
1761 1092 1916 1143 similae
1931 1131 1948 1150 ,
1979 1094 2066 1144 60.
2082 1092 2178 1141 cori
2192 1091 2262 1141 fa-

131 1166 241 1217 rinae
253 1201 266 1224 ,
287 1179 307 1218 1
318 1180 406 1216 00.
420 1162 564 1216 boves
579 1166 787 1233 pingueS,
803 1180 883 1215 20.
903 1161 1048 1214 boves
1061 1163 1289 1231 pascuales
1301 1202 1317 1221 ,
1339 1167 1389 1214 &
1420 1180 1439 1215 1
1450 1179 1539 1215 00.
1564 1163 1724 1214 arietes
1744 1200 1758 1220 ,
1788 1160 1984 1229 excepta
2006 1160 2262 1214 venatione

132 1251 405 1292 cervorum,
419 1250 706 1301 caprearum,
722 1230 1021 1289 bubalorum,
1039 1236 1090 1283 &
1103 1231 1306 1283 altilium.
1345 1233 1423 1299 (q)
1456 1232 1614 1283 Tanta
1627 1230 1766 1299 porro
1779 1229 1996 1281 ciborum
2011 1229 2147 1296 copia
2157 1245 2260 1280 non

132 1302 192 1361 ad
203 1301 460 1371 ingluviem
471 1317 585 1361 erat,
599 1304 673 1353 sed
688 1319 931 1371 pompam.
971 1300 1068 1371 Jpſs
1084 1303 1211 1351 enim
1224 1301 1246 1365 (
1257 1316 1309 1351 ut
1321 1301 1501 1352 causam
1514 1299 1677 1367 allegat
1690 1299 1811 1350 sacer
1825 1315 1976 1350 textus
1990 1299 2012 1366 )
2026 1293 2261 1349 obtinebat

131 1389 314 1423 omnem
325 1373 574 1443 regionem,
588 1389 682 1445 qua
697 1383 798 1421 erat
811 1367 1127 1441 transflumen
1147 1364 1178 1420 d
1190 1366 1403 1439 Thaphstz
1415 1370 1489 1436 qs
1495 1369 1508 1382 '
1518 1369 1588 1420 ad
1594 1368 1792 1426 Coma,
1821 1364 1882 1423 Εἴ
1893 1362 2084 1418 habebat
2098 1366 2262 1417 omnia

131 1458 276 1512 regna
285 1435 517 1509 dflumine
527 1453 652 1490 terra
668 1436 920 1507 Phylistijm
934 1439 1027 1508 ufiq}
1036 1436 1104 1488 ad
1117 1440 1376 1489 terminum
1393 1386 1592 1507 AEssypi.
1630 1437 1697 1504 (r)
1716 1441 1783 1488 Ut
1796 1437 2021 1488 nimirum
2033 1435 2261 1503 quemad—

132 1507 340 1560 modum
351 1507 572 1559 Istae-lirici
585 1509 714 1575 regni
726 1507 941 1575 splendor
951 1509 1008 1558 ad
1022 1507 1253 1557 summam
1269 1507 1663 1573 magnitudiniem
1677 1506 1924 1573 pertigerat
1937 1524 1946 1553 :
1961 1503 2022 1555 sic
2035 1502 2262 1554 Israelitici

132 1577 273 1644 Regis
283 1576 424 1644 gloria
435 1592 600 1644 praeter
611 1594 889 1644 caeterorum
902 1576 1194 1644 majestatem
1208 1575 1346 1625 etiam
1362 1577 1408 1625 in
1420 1575 1553 1641 regiae
1566 1575 1734 1626 mensae
1749 1572 2100 1642 magnificentia
2112 1572 2263 1623 eluce-

113 1661 215 1784 Jrcet.
285 1645 429 1697 Nam
445 1642 709 1718 ‘Magnifice'
720 1645 794 1713 est,
806 1647 859 1696 in
870 1648 1098 1720 quocunqs'
1099 1663 1269 1717 genere
1280 1642 1578 1717 quidfaciat,
1590 1641 1837 1714 magnifice?
1849 1640 1917 1701 id,
1931 1639 2261 1714 splendide'que

152 1732 293 1766 acere.

302 1850 545 1903 Caeteriim
559 1848 677 1902 cum
688 1851 736 1901 in
750 1850 884 1902 omni
901 1849 1088 1903 afflone
1104 1850 1274 1902 modus
1288 1849 1480 1915 quidam
1498 1848 1568 1908 sit,
1580 1850 1630 1900 &
1644 1848 1758 1901 certi
1770 1847 1884 1900 fines
1898 1884 1912 1906 ‚
1936 1848 2054 1919 quos
2066 1845 2180 1897 ultra
2194 1845 2261 1898 ci-

132 1913 299 1987 traque
318 1921 485 1988 nequit
505 1919 751 1971 consistere
764 1921 946 1973 virtutis
959 1921 1143 1971 rectum
1158 1941 1175 1970 .·
1204 1921 1348 1971 etiam
1362 1918 1444 1987 ipsi
1460 1917 1831 1986 Magnificentiae
1848 1918 1951 1967 suus
1963 1917 2062 1974 erit,
2111 1933 2174 1965 uo
2189 1915 2260 1964 in-

133 2003 202 2039 tra
217 1988 551 2039 mediocritatis
563 1988 791 2040 cancellos
810 1989 1109 2040 contineatur
1122 2026 1135 2047 ,
1157 1989 1331 2039 modus
1344 2005 1397 2039 ac
1409 1989 1635 2039 medium.
1686 1984 1876 2039 Modus
1888 1999 2047 2037 autem
2061 1935 2121 2051 e}
2141 1985 2262 2054 opti-

130 2075 250 2115 mus,
264 2055 400 2107 decus
412 2060 561 2127 ipsum
573 2071 740 2116 tenere,
751 2076 833 2108 nec
838 2058 1059 2130 progredi
1069 2056 1264 2130 longius.
1312 2054 1457 2126 Quod
1468 2058 1592 2108 enim
1605 2054 1814 2108 medium
1827 2054 1887 2122 est
1897 2054 2232 2105 moderationis
2244 2091 2261 2109 ,

130 2125 188 2178 id
197 2120 389 2186 bonum3
406 2129 526 2192 quia
537 2124 667 2200 quod
673 2132 832 2192 majm
846 2126 906 2195 est
916 2163 930 2186 ‚
987 2123 1098 2177 Μάνη
1118 2140 1325 2197 oporteat
1336 2163 1349 2184 ‚
1373 2126 1428 2176 id
1438 2131 1616 2177 malum
1632 2124 1703 2194 est.
1739 2121 2099 2190 Magnificentia
2120 2122 2262 2188 igitur

130 2193 279 2245 multa
292 2230 305 2253 ,
332 2193 420 2246 erit
434 2192 557 2245 nulla
575 2210 589 2254 3
612 2195 720 2263 quia
732 2194 900 2247 desinit
910 2213 935 2250 e
972 2214 996 2246 e
1008 2194 1369 2263 Magnificentia
1380 2232 1393 2253 ‚
1441 2213 1510 2244 uae
1523 2193 1688 2244 desinit
1700 2193 1749 2243 in
1763 2192 1925 2243 luxum
1939 2211 1950 2241 ε
1966 2191 2260 2258 constatque,

130 2262 274 2329 quam
290 2281 454 2315 verum
469 2262 522 2314 sit
534 2263 645 2315 illud
659 2264 952 2331 paradoxum
966 2265 1129 2316 Pittaci
1140 2265 1337 2316 dicentis
1352 2285 1369 2314 .·
1389 2213 1650 2314 dimidium
1668 2260 1772 2333 plits
1785 2261 1863 2330 effe
1884 2273 1993 2311 toto.
2029 2259 2093 2326 (s)
2127 2259 2262 2311 Cum

129 2332 327 2399 proinde
343 2333 443 2384 Rex
458 2333 661 2399 privatus
674 2334 803 2400 degit
813 2333 934 2384 intra
946 2332 1096 2402 palatij
1125 2333 1240 2385 fines
1251 2370 1263 2391 ‚
1285 2351 1345 2384 ne
1366 2332 1629 2383 immodico
1651 2346 1807 2380 utatur
1831 2329 2030 2382 vestium
2055 2343 2225 2382 ornatu
2240 2347 2260 2378 .·

130 2400 242 2450 illud
255 2402 410 2452 Severi
426 2402 719 2466 Imperatoris
732 2403 1013 2470 recogitans:
1034 2403 1343 2470 Majestatem
1352 2403 1540 2452 virtute
1552 2399 1754 2468 constare
1765 2437 1779 2456 ,
1795 2416 1888 2450 non
1902 2399 2101 2468 corporis
2115 2395 2259 2447 cultu.

128 2468 198 2536 (t)
231 2468 358 2521 Cum
377 2471 422 2519 in
436 2469 677 2536 publicum
691 2469 733 2522 se
746 2470 787 2521 se
801 2472 1068 2523 committit
1080 2508 1093 2530 ‚
1121 2487 1201 2522 aut
1214 2469 1399 2539 publice
1416 2469 1627 2520 admittit
1639 2467 1748 2518 alios
1762 2504 1775 2526 ,
1797 2467 2040 2517 monitum
2062 2463 2260 2516 Pulche-

131 2539 209 2588 riae
219 2573 232 2594 ‚
256 2541 387 2605 quod
402 2539 528 2588 fratri
541 2539 817 2589 Theodosio
828 2540 1019 2591 dederat
1030 2577 1042 2598 ,
1057 2539 1298 2607 sequatur:
1318 2552 1374 2590 m
1395 2534 1674 2608 magnificus
1672 2536 1756 2604 fit,
1779 2531 1840 2591 Εἴ
1862 2532 2149 2610 splendidus.
2181 2534 2260 2600 (u)

131 2606 206 2656 Sic
217 2605 299 2658 fiet
309 2643 323 2664 ,
354 2623 406 2657 ut
429 2606 788 2674 Magnificentia
809 2608 1013 2661 servetur
1033 2609 1215 2677 semper
1225 2646 1241 2666 ,
1266 2608 1376 2679 quia
1389 2624 1470 2674 per
1492 2604 1741 2657 intervalla.
1788 2602 1918 2655 Cum
1930 2604 2059 2671 regni
2072 2600 2261 2670 publica

133 2673 379 2726 solennitas
393 2678 618 2743 exegerim
634 2693 686 2726 ut
699 2676 970 2745 magnifice,
984 2679 1030 2728 id
1056 2680 1146 2736 est,
1165 2676 1291 2746 regie
1312 2676 1593 2728 instruantur
1614 2672 1848 2733 convivia,
1859 2688 2090 2724 ornentur
2103 2669 2259 2739 potius

131 2744 301 2794 mensae
315 2743 582 2795 eduliorum
594 2746 785 2810 copioso
798 2745 985 2798 delectu
1000 2785 1014 2803 ,
1037 2747 1180 2816 quam
1195 2760 1464 2802 onerentur,
1476 2743 1813 2810 &sumptuum
1827 2741 2107 2809 magnitudo
2119 2756 2261 2806 expo-

131 2827 292 2871 natur,
313 2831 413 2868 non
437 2814 720 2881 prodigatur.
770 2817 960 2867 Etenim
982 2814 1091 2867 licet
1100 2817 1223 2882 finus
1244 2809 1480 2887 cuiqubfit
1502 2812 1683 2870 modus,
1703 2824 1863 2862 tamen
1882 2807 2038 2882 magis
2061 2805 2259 2876 ostendit

133 2881 355 2939 nimium,
365 2879 511 2952 qudm
515 2895 689 2951 parum
711 2905 724 2944 3
758 2885 830 2951 (x)
866 2885 914 2934 in
926 2884 1184 2952 magnificis
1198 2882 1450 2949 praesertim
1463 2879 1633 2931 mensis
1643 2919 1658 2939 ‚
1677 2897 1730 2931 ut
1743 2879 1913 2931 accidit
1925 2881 1973 2930 in
1985 2878 2195 2947 prodiga,
2208 2880 2261 2926 &

132 2949 392 3016 prodigiosa
404 2950 623 3017 Caligulae
636 2951 756 3018 gula,
771 2953 852 3020 qui
863 2955 1040 3004 centies
1058 2955 1109 3003 H
1129 2953 1156 3002 S
1172 2952 1283 3002 idest
1297 2965 1365 3018 41
1378 2951 1540 3002 6666.
1556 2949 1742 3001 florenis
1756 2967 1853 3000 uno
1866 2948 1942 2999 die
1954 2948 2165 3003 caenavit,
2181 2946 2263 3012 (y)

131 3021 181 3069 &
197 3019 378 3087 triennij
405 3020 549 3084 spatio
562 3020 700 3069 vicies
714 3037 784 3070 ter
806 3021 965 3072 millies
987 3015 1347 3077 sestei·tiiim,seu
1371 3018 1487 3069 ultra
1498 3020 1755 3085 nonaginta
1778 3018 1989 3086 quinque
2003 3014 2231 3066 milliones
2242 3048 2257 3070 ‚

131 3104 306 3152 nempe
321 3103 353 3153 9
364 3102 390 3152 5
403 3094 431 3146 8
442 3103 467 3153 3
481 3103 506 3153 3
525 3102 543 3139 Ι
560 3096 642 3148 80.
657 3087 819 3141 floren.
834 3091 989 3144 Rhen.
1017 3088 1370 3140 coninieffando
1383 3087 1659 3154 abligurivit.
1695 3087 1769 3152 (Ζ)
1805 3084 1970 3136 Procul
1988 3081 2048 3134 ab
2061 3082 2185 3140 auliS,
2205 3085 2257 3132 δε

130 3158 280 3223 regnis
296 3154 455 3205 similia
470 3157 742 3215 monstra,&
754 3177 853 3209 non
865 3159 922 3208 ad
935 3157 1363 3225 Magnificentiam‚
1375 3155 1453 3206 sed
1467 3154 1609 3223 usque
1620 3155 1678 3205 ad
1690 3153 1929 3211 insaniam,
1943 3171 2045 3203 non
2057 3149 2257 3219 splendi-

130 3224 177 3272 di
190 3259 202 3280 ,
224 3224 298 3273 sed
313 3224 507 3358 infames
520 3227 704 3293 tyranni
720 3248 736 3276 .·
759 3224 1028 3298 [magnifici
1039 3229 1166 3277 enim
1176 3225 1236 3295 est
1245 3264 1263 3283 ,
1283 3227 1337 3277 in
1341 3225 1616 3295 fhmptuum
1627 3224 1959 3294 magnitudine
1963 3223 2169 3290 strvare
2178 3216 2256 3268 de-

132 3309 303 3342 corum.
364 3311 414 3342 aa

305 3428 477 3496 Neque
488 3428 602 3483 Vero
623 3449 679 3482 ex
691 3431 781 3482 hac
807 3448 942 3498 parca
967 3430 1329 3499 magnificorum
1352 3430 1632 3500 sumptuum
1644 3427 1914 3497 profusione
1926 3423 2253 3478 moderatione

130 3494 290 3571 eff-‘bd
301 3499 562 3566 qudCluam
578 3501 637 3550 de
651 3500 807 3566 Regia?
823 3501 1068 3567 Maiestatis
1084 3499 1326 3567 splendore
1338 3501 1566 3558 decedere
1582 3498 1758 3566 potest:
1777 3516 1890 3549 nam
1903 3496 1936 3547 si
1950 3495 2191 3546 decidatur
2208 3510 2253 3540 a·

132 3563 275 3631 liquid
291 3583 347 3616 ex
359 3567 593 3618 immenso
605 3585 768 3633 regum
786 3567 912 3626 luxu,
927 3587 1172 3635 nunquam
1195 3570 1393 3619 deerunt
1406 3569 1613 3635 pecuniae
1624 3569 1671 3618 in
1684 3565 2081 3634 magnificentiam
2094 3598 2107 3619 ‚
2122 3564 2171 3612 &
2183 3576 2254 3609 re-

132 3630 255 3698 liqua
274 3635 523 3701 Majestatis
544 3636 899 3687 ostentamenta.
936 3637 1069 3687 Tum
1091 3636 1202 3689 vero
1217 3635 1510 3704 plausibiliter
1529 3637 1629 3687 haec
1644 3633 2010 3702 magnificentiae
2021 3632 2163 3684 virtus
2177 3645 2255 3678 ex-

1150 3706 1189 3755 L
1206 3722 1234 3757 2
2135 3713 2258 3749 erce-
