2457 3961
260 211 262 213 ’
338 212 503 283 Atque
526 210 698 280 aliquid
719 210 894 266 caeleste
917 210 1039 282 legis.
1075 211 1152 265 Te
1176 210 1368 265 vindice
1390 212 1573 270 rursum

339 284 555 340 Imbelles
577 282 777 350 gliscunt
795 281 969 341 animi,
990 273 1200 350 vire'sque
1211 280 1453 334 labascunt

340 352 598 410 HostibuS,
619 355 670 403 &
685 350 800 418 pulsi
819 350 956 420 redijt
976 352 1103 402 nitor
1124 367 1286 401 aureus
1310 352 1410 403 aevi.

424 417 531 490 Jam
569 439 627 472 ue
651 419 741 470 fuit
765 421 969 470 Fortuna
990 419 1175 476 minor,
1200 437 1299 485 quo
1321 418 1499 478 saeviat‚
1521 416 1647 471 ultro

338 492 462 544 Non
485 490 545 540 ha
583 505 656 547 et,
676 487 925 539 immensas
938 504 1081 541 vocat
1105 488 1153 537 in
1176 486 1441 538 discrimina
1461 487 1637 556 palmas

336 559 548 617 Caesaris,
578 550 864 625 aggestisque
886 573 1014 623 parat
1040 555 1192 607 vicisse
1205 556 1468 622 triumphis,

422 627 544 689 Quis
562 627 735 684 vincis,
759 625 1108 676 LEOPOLDE
1124 627 1141 674 !
1175 625 1292 676 Suos
1319 625 1514 677 vi6toria
1537 623 1715 686 nescit,¹

335 687 709 761 Confunditque
729 694 922 762 gradu55
945 711 1037 744 nec
1059 709 1158 744 tam
1174 693 1289 761 quid
1311 694 1500 746 vincere
1520 693 1686 764 poffit,

335 765 502 830 Qam
523 762 699 821 vicisse,
727 763 871 815 videt.
893 762 1107 815 Bellatrix
1132 763 1311 813 Austria
1339 762 1439 830 quo
1465 760 1511 813 se

334 834 515 892 Vertit,
539 831 753 883 adornari
775 828 956 883 trabeas
969 867 983 888 ,
1005 847 1287 882 concurrere
1310 829 1464 881 lauros

334 902 634 971 Adspicimus
649 920 660 951 ε
674 904 772 967 jam
794 916 936 967 regna
955 915 1125 961 ruunt3
1146 901 1199 951 &
1221 899 1411 952 vindice
1435 899 1560 951 ferro

335 974 415 1024 Ad
433 971 551 1022 fieta
574 969 805 1022 Caesareos
831 983 993 1020 cantat
1018 968 1212 1019 Bellona
1236 967 1513 1036 triumphos.

334 1042 460 1093 Mox
484 1039 607 1108 leget
621 1039 859 1089 Euxinum
882 1036 1067 1104 sceptris
1081 1058 1097 1087 .·
1112 1040 1210 1107 jam
1230 1035 1386 1101 littore
1396 1038 1532 1106 nigro

336 1111 466 1162 Mars
487 1124 681 1176 pugnat.
717 1106 849 1158 Vade
870 1102 902 1155 ὁ
924 1105 1064 1158 celeri
1087 1103 1297 1156 Victoria
1320 1104 1490 1175 greffu,

336 1169 660 1245 sudantesque
684 1191 764 1227 tua
789 1175 918 1226 lauru
943 1174 1135 1241 deterge
1159 1173 1334 1230 sarissas.

421 1249 619 1306 Quanta
641 1245 800 1297 venit!
821 1261 926 1312 quae
947 1244 1114 1310 Regna
1134 1244 1219 1293 suis
1234 1281 1250 1301 ,
1272 1260 1379 1311 quae
1401 1241 1564 1295 vinsta
1586 1241 1762 1295 catenis

336 1315 547 1384 Oppida,
564 1314 808 1366 adorantes
831 1311 1003 1381 galeas,
1026 1316 1077 1363 &
1100 1312 1248 1379 Regia
1268 1312 1408 1363 fulvis

336 1386 476 1452 Signa
501 1384 618 1451 jubis
645 1383 776 1435 sacris
802 1382 962 1433 sternit
984 1380 1258 1432 famulantia
1282 1380 1461 1449 plantis

338 1454 417 1505 Ille
434 1455 516 1505 diu
535 1451 701 1505 Vistor
726 1451 887 1504 Biston
901 1489 918 1508 ,
940 1450 1022 1519 qui
1038 1449 1222 1519 praefuit
1243 1449 1377 1508 orbi,

337 1523 437 1582 Qui
462 1521 663 1580 trabeas,
686 1523 738 1573 &
763 1519 940 1588 sceptra
963 1517 1133 1581 dabat3
1150 1522 1247 1589 jam
1261 1519 1444 1570 murice
1464 1534 1618 1585 prono

336 1593 529 1645 Accidit
542 1628 555 1650 ,
576 1594 628 1643 &
648 1588 843 1642 tantum
864 1589 1022 1656 potuit
1039 1607 1232 1653 regnare
1255 1587 1481 1656 roganda».

336 1662 514 1719 Vince,
539 1677 731 1728 precor,
755 1653 984 1726 supraque
1004 1656 1150 1715 nihil,
1180 1656 1263 1708 nisi
1289 1656 1430 1707 sidera
1453 1654 1639 1722 linque!

424 1729 515 1781 Sed
536 1747 638 1780 non
659 1729 758 1785 Te,
782 1728 983 1795 geminis
1010 1725 1228 1794 quamvis
1252 1722 1366 1776 Tibi
1391 1724 1600 1775 Fascibus
1619 1718 1758 1781 orbis,

336 1799 450 1852 Nec
473 1797 671 1867 fimplex
697 1793 975 1848 succumbat
992 1793 1134 1854 ebur,
1161 1812 1263 1846 non
1289 1794 1418 1845 mille
1441 1791 1696 1860 triumphis

335 1870 430 1920 Ara
451 1866 596 1925 satur,
621 1882 837 1917 veterum
859 1866 1018 1933 potuit
1037 1883 1143 1932 quae
1165 1880 1378 1915 temnere
1400 1862 1578 1920 lauros,

335 1938 398 1989 Et
416 1936 532 1989 caelo
562 1935 730 1986 divisus
756 1936 932 1984 Honor
959 1932 1110 2002 regale
1130 1931 1374 1984 sedentem

337 2008 378 2058 E
392 2005 508 2060 reffl
532 2005 729 2056 statione
753 2017 980 2060 movent:
1004 2020 1106 2054 non
1128 2001 1307 2070 serpere
1327 2002 1457 2053 Divo

339 2075 556 2133 Vertice,
575 2073 822 2125 victricem
845 2090 947 2123 non
969 2072 1073 2123 ausa
1095 2070 1368 2122 inscendere
1389 2070 1608 2121 dextram

339 2145 542 2204 Laurea,
567 2142 643 2194 sed
664 2145 805 2194 sacras
828 2138 1038 2192 allambit
1058 2139 1263 2208 supplice
1279 2138 1456 2207 plantas

339 2213 551 2268 Frondet
574 2210 848 2264 verecundo
861 2209 1044 2261 circum
1068 2211 1153 2260 stat
1174 2208 1358 2275 fulgure
1376 2207 1626 2258 Thracum

340 2285 482 2335 Fama
500 2280 861 2348 triumphatriX,
884 2296 974 2330 nec
999 2293 1100 2330 tota
1121 2277 1340 2329 excollere
1359 2274 1500 2327 Ponti

341 2351 478 2402 Mole
499 2351 667 2417 potest.
707 2349 886 2400 Eadem
913 2349 1084 2405 Pietas,
1109 2338 1450 2415 tranquillaque
1470 2341 1667 2394 laudum

340 2419 648 2487 Temperies,
668 2411 930 2486 dignusque
954 2418 1061 2470 Deo
1083 2417 1209 2467 nitor
1227 2432 1387 2466 aureus
1408 2414 1521 2469 oris,

342 2489 564 2559 Quaeque
587 2487 698 2539 beat
719 2487 845 2538 feffas
868 2479 1052 2537 Divum
1072 2484 1343 2538 Clementia
1366 2484 1532 2533 Terras
1547 2517 1561 2538 ,

343 2559 507 2626 Atque
530 2555 652 2609 sinus
676 2556 838 2625 plenus
853 2556 1008 2606 Patris,
1092 2555 1136 2605 Si
1161 2553 1305 2622 prisca
1328 2550 1530 2605 tuliffent:

343 2626 517 2678 Saecula
536 2626 639 2686 Te,
663 2625 842 2683 Caeffir,
866 2625 998 2675 stares
1015 2626 1113 2693 jam
1139 2640 1357 2690 gemmea
1379 2619 1563 2672 circum

344 2695 551 2762 Templa
574 2695 810 2747 coronatis
833 2694 1045 2761 AEquurn
1074 2690 1157 2743 fibi
1182 2691 1387 2743 Numen
1413 2690 1461 2740 in
1482 2689 1583 2742 aris,

430 2765 553 2815 Non
577 2766 748 2822 ArcuS,
773 2780 874 2814 non
895 2759 1100 2830 Templa
1121 2757 1266 2818 subis,
1289 2764 1660 2828 gemmanteque
1681 2766 1891 2806 marmor

344 2832 452 2884 Sole
476 2831 754 2884 lacessitum.
792 2831 929 2882 Latio
949 2831 1106 2881 minor
1130 2830 1211 2880 iste
1233 2828 1504 2895 triumphus

344 2901 423 2954 Est
444 2900 594 2968 Jove,
618 2918 764 2968 quem
786 2900 933 2951 ducat
950 2898 1103 2950 fractis
1124 2895 1358 2949 hastilibus
1381 2895 1538 2948 Orbis,

345 2969 445 3038 Ipse
462 2966 577 3020 Tibi
596 2969 786 3037 gemina
805 2969 970 3019 Victor
990 2968 1051 3019 de
1062 2967 1197 3018 Sorte
1220 2966 1493 3034 trophaeum

343 3036 499 3090 Caesar
521 3038 630 3088 eris:
653 3034 822 3104 Lybici
847 3033 1004 3088 subter
1017 3052 1178 3103 gemet
1202 3036 1266 3086 ira
1287 3032 1531 3103 Tyranni,

347 3099 638 3175 Celthaque,
652 3098 831 3174 quique
848 3103 925 3156 sua
945 3104 1059 3157 viCti
1081 3104 1203 3155 stant
1223 3103 1350 3155 mole
1372 3099 1632 3169 triumphi,

346 3177 480 3228 Cum
505 3175 663 3244 plausu
677 3167 941 3243 Superum,
965 3175 1018 3225 &
1038 3173 1174 3241 Furijs
1196 3169 1481 3224 ululantibus
1501 3169 1637 3220 hosti.

432 3246 584 3295 Hunc
604 3243 774 3301 oculis,
798 3245 948 3295 Hunc
968 3240 1124 3309 sculpe
1143 3241 1334 3300 animiS,
1354 3237 1498 3308 atque
1516 3234 1699 3290 imbibe
1713 3247 1877 3287 totum

347 3311 450 3365 Flos
473 3312 669 3381 Regum
687 3311 994 3380 JOSEPHE,
1017 3311 1231 3366 Patrem:
1255 3308 1320 3361 fic
1340 3307 1550 3362 culmine
1572 3321 1734 3376 rerum

347 3379 555 3442 Austria,
576 3383 630 3449 &
649 3381 865 3452 Augusto
886 3379 1137 3434 radiabunt
1155 3377 1301 3433 sidere
1310 3375 1480 3432 Fasces.
