<?xml version="1.0" encoding="UTF-8"?>
<!DOCTYPE html PUBLIC "-//W3C//DTD XHTML 1.0 Transitional//EN"
    "http://www.w3.org/TR/xhtml1/DTD/xhtml1-transitional.dtd">
<html xmlns="http://www.w3.org/1999/xhtml" xml:lang="en" lang="en">
 <head>
  <title>
</title>
<meta http-equiv="Content-Type" content="text/html;charset=utf-8" />
  <meta name='ocr-system' content='tesseract 3.04.00' />
  <meta name='ocr-capabilities' content='ocr_page ocr_carea ocr_par ocr_line ocrx_word'/>
</head>
<body>
  <div class='ocr_page' id='page_1' title='image "./regiavirtutumser00garz_0101.png"; bbox 0 0 2457 3961; ppageno 0'>
   <div class='ocr_carea' id='block_1_1' title="bbox 178 193 2314 528">
    <p class='ocr_par' dir='ltr' id='par_1_1' title="bbox 178 193 2314 528">
     <span class='ocr_line' id='line_1_1' title="bbox 178 193 2314 306; baseline 0.004 -8"><span class='ocrx_word' id='word_1_1' title='bbox 178 193 971 299; x_wconf 77' lang='lat' dir='ltr'><em>SPLENDOR</em></span> <span class='ocrx_word' id='word_1_2' title='bbox 1023 195 2314 306; x_wconf 81' lang='lat' dir='ltr'><em>MAGNIFICENTIAE</em></span> 
     </span>
     <span class='ocr_line' id='line_1_2' title="bbox 475 313 2015 528; baseline 0.008 -10"><span class='ocrx_word' id='word_1_3' title='bbox 475 325 548 407; x_wconf 61' lang='lat' dir='ltr'><em>A</em></span> <span class='ocrx_word' id='word_1_4' title='bbox 585 313 1628 528; x_wconf 48' lang='lat' dir='ltr'>Tufa-2355?</span> <span class='ocrx_word' id='word_1_5' title='bbox 1669 326 2015 440; x_wconf 53' lang='grc' dir='ltr'>[Μ</span> 
     </span>
    </p>
   </div>
   <div class='ocr_carea' id='block_1_2' title="bbox 499 615 1714 3575">
    <p class='ocr_par' dir='ltr' id='par_1_2' title="bbox 499 613 1714 3575">
     <span class='ocr_line' id='line_1_3' title="bbox 635 615 1494 681; baseline 0.001 -10.882"><span class='ocrx_word' id='word_1_6' title='bbox 635 678 639 681; x_wconf 8' lang='grc' dir='ltr'>χ</span> <span class='ocrx_word' id='word_1_7' title='bbox 662 616 740 670; x_wconf 91' lang='lat' dir='ltr'>Ol</span> <span class='ocrx_word' id='word_1_8' title='bbox 761 615 885 668; x_wconf 86' lang='lat' dir='ltr'>orbis</span> <span class='ocrx_word' id='word_1_9' title='bbox 909 617 1030 669; x_wconf 87' lang='lat' dir='ltr'>inter</span> <span class='ocrx_word' id='word_1_10' title='bbox 1049 616 1193 669; x_wconf 74' lang='lat' dir='ltr'>sidera</span> <span class='ocrx_word' id='word_1_11' title='bbox 1212 619 1494 680; x_wconf 85' lang='lat' dir='ltr'>maximum,</span> 
     </span>
     <span class='ocr_line' id='line_1_4' title="bbox 523 667 1646 754; baseline 0.001 -15"><span class='ocrx_word' id='word_1_12' title='bbox 523 674 611 750; x_wconf 47' lang='lat' dir='ltr'>iffi*</span> <span class='ocrx_word' id='word_1_13' title='bbox 624 667 877 754; x_wconf 47' lang='lat' dir='ltr'>ssffiFulgoris</span> <span class='ocrx_word' id='word_1_14' title='bbox 897 686 1040 737; x_wconf 84' lang='lat' dir='ltr'>haeres</span> <span class='ocrx_word' id='word_1_15' title='bbox 1065 686 1371 740; x_wconf 81' lang='lat' dir='ltr'>AUSTRIA!</span> <span class='ocrx_word' id='word_1_16' title='bbox 1388 692 1510 750; x_wconf 86' lang='lat' dir='ltr'>Quae</span> <span class='ocrx_word' id='word_1_17' title='bbox 1525 689 1646 744; x_wconf 75' lang='lat' dir='ltr'>nites</span> 
     </span>
     <span class='ocr_line' id='line_1_5' title="bbox 597 754 1177 824; baseline 0 -18"><span class='ocrx_word' id='word_1_18' title='bbox 597 755 874 824; x_wconf 82' lang='lat' dir='ltr'>Majestuosa</span> <span class='ocrx_word' id='word_1_19' title='bbox 896 754 1001 805; x_wconf 88' lang='lat' dir='ltr'>luce</span> <span class='ocrx_word' id='word_1_20' title='bbox 1024 755 1177 814; x_wconf 73' lang='lat' dir='ltr'>diveS,</span> 
     </span>
     <span class='ocr_line' id='line_1_6' title="bbox 768 822 1433 891; baseline 0.005 -18"><span class='ocrx_word' id='word_1_21' title='bbox 768 822 1033 891; x_wconf 82' lang='lat' dir='ltr'>Magnifico</span> <span class='ocrx_word' id='word_1_22' title='bbox 1055 823 1233 875; x_wconf 87' lang='lat' dir='ltr'>radians</span> <span class='ocrx_word' id='word_1_23' title='bbox 1254 824 1433 876; x_wconf 58' lang='lat' dir='ltr'>amie’m</span> 
     </span>
     <span class='ocr_line' id='line_1_7' title="bbox 514 893 1520 961; baseline 0.002 -18"><span class='ocrx_word' id='word_1_24' title='bbox 514 893 647 957; x_wconf 79' lang='lat' dir='ltr'>Qicl</span> <span class='ocrx_word' id='word_1_25' title='bbox 674 911 772 943; x_wconf 89' lang='lat' dir='ltr'>non</span> <span class='ocrx_word' id='word_1_26' title='bbox 792 893 983 943; x_wconf 86' lang='lat' dir='ltr'>deauras</span> <span class='ocrx_word' id='word_1_27' title='bbox 1007 896 1024 942; x_wconf 82' lang='lat'>?</span> <span class='ocrx_word' id='word_1_28' title='bbox 1046 893 1273 961; x_wconf 80' lang='lat' dir='ltr'>Undique</span> <span class='ocrx_word' id='word_1_29' title='bbox 1302 894 1520 961; x_wconf 87' lang='lat' dir='ltr'>Cynthio</span> 
     </span>
     <span class='ocr_line' id='line_1_8' title="bbox 517 959 1444 1028; baseline 0.001 -16"><span class='ocrx_word' id='word_1_30' title='bbox 517 962 631 1013; x_wconf 86' lang='lat' dir='ltr'>Par:</span> <span class='ocrx_word' id='word_1_31' title='bbox 652 961 752 1011; x_wconf 72' lang='lat' dir='ltr'>imo</span> <span class='ocrx_word' id='word_1_32' title='bbox 773 979 874 1011; x_wconf 91' lang='lat' dir='ltr'>non</span> <span class='ocrx_word' id='word_1_33' title='bbox 898 975 1004 1028; x_wconf 86' lang='lat' dir='ltr'>par,</span> <span class='ocrx_word' id='word_1_34' title='bbox 1023 959 1100 1011; x_wconf 89' lang='lat' dir='ltr'>sed</span> <span class='ocrx_word' id='word_1_35' title='bbox 1123 961 1260 1028; x_wconf 77' lang='lat' dir='ltr'>mage</span> <span class='ocrx_word' id='word_1_36' title='bbox 1282 961 1444 1013; x_wconf 87' lang='lat' dir='ltr'>clarior</span> 
     </span>
     <span class='ocr_line' id='line_1_9' title="bbox 604 1028 1296 1097; baseline 0 -17"><span class='ocrx_word' id='word_1_37' title='bbox 604 1031 832 1097; x_wconf 81' lang='lat' dir='ltr'>Pompola</span> <span class='ocrx_word' id='word_1_38' title='bbox 855 1028 1024 1096; x_wconf 70' lang='lat' dir='ltr'>fulges,</span> <span class='ocrx_word' id='word_1_39' title='bbox 1046 1033 1097 1081; x_wconf 58' lang='grc' dir='ltr'>δέ</span> <span class='ocrx_word' id='word_1_40' title='bbox 1122 1031 1296 1080; x_wconf 84' lang='lat' dir='ltr'>serenas</span> 
     </span>
     <span class='ocr_line' id='line_1_10' title="bbox 771 1098 1550 1167; baseline 0.006 -20"><span class='ocrx_word' id='word_1_41' title='bbox 771 1098 991 1167; x_wconf 76' lang='lat' dir='ltr'>Spargere</span> <span class='ocrx_word' id='word_1_42' title='bbox 1014 1115 1121 1148; x_wconf 86' lang='lat' dir='ltr'>nata</span> <span class='ocrx_word' id='word_1_43' title='bbox 1143 1099 1292 1157; x_wconf 85' lang='lat' dir='ltr'>faces,</span> <span class='ocrx_word' id='word_1_44' title='bbox 1318 1117 1399 1167; x_wconf 84' lang='lat' dir='ltr'>per</span> <span class='ocrx_word' id='word_1_45' title='bbox 1415 1117 1550 1153; x_wconf 77' lang='lat' dir='ltr'>axem</span> 
     </span>
     <span class='ocr_line' id='line_1_11' title="bbox 514 1167 1266 1235; baseline -0.003 -17"><span class='ocrx_word' id='word_1_46' title='bbox 514 1168 722 1235; x_wconf 73' lang='lat' dir='ltr'>Augusta</span> <span class='ocrx_word' id='word_1_47' title='bbox 745 1167 877 1234; x_wconf 71' lang='lat' dir='ltr'>gestis</span> <span class='ocrx_word' id='word_1_48' title='bbox 898 1169 1087 1234; x_wconf 83' lang='lat' dir='ltr'>Imperij</span> <span class='ocrx_word' id='word_1_49' title='bbox 1112 1167 1266 1217; x_wconf 87' lang='lat' dir='ltr'>micas.</span> 
     </span>
     <span class='ocr_line' id='line_1_12' title="bbox 513 1235 1334 1303; baseline 0.001 -18"><span class='ocrx_word' id='word_1_50' title='bbox 513 1239 631 1296; x_wconf 85' lang='lat' dir='ltr'>Quo</span> <span class='ocrx_word' id='word_1_51' title='bbox 657 1235 874 1303; x_wconf 72' lang='lat' dir='ltr'>glorieriS,</span> <span class='ocrx_word' id='word_1_52' title='bbox 888 1249 987 1287; x_wconf 87' lang='lat' dir='ltr'>non</span> <span class='ocrx_word' id='word_1_53' title='bbox 1005 1235 1183 1287; x_wconf 86' lang='lat' dir='ltr'>facinus</span> <span class='ocrx_word' id='word_1_54' title='bbox 1205 1235 1334 1287; x_wconf 88' lang='lat' dir='ltr'><strong>deest</strong></span> 
     </span>
     <span class='ocr_line' id='line_1_13' title="bbox 599 1301 1258 1364; baseline -0.002 -10"><span class='ocrx_word' id='word_1_55' title='bbox 599 1305 818 1355; x_wconf 82' lang='lat' dir='ltr'>Inlomne</span> <span class='ocrx_word' id='word_1_56' title='bbox 840 1303 975 1356; x_wconf 85' lang='lat' dir='ltr'>saeclis</span> <span class='ocrx_word' id='word_1_57' title='bbox 989 1344 1005 1364; x_wconf 87' lang='lat'><em>,</em></span> <span class='ocrx_word' id='word_1_58' title='bbox 1025 1301 1057 1354; x_wconf 79' lang='grc' dir='ltr'><em>ὃ</em></span> <span class='ocrx_word' id='word_1_59' title='bbox 1074 1304 1258 1358; x_wconf 88' lang='lat' dir='ltr'>venusti</span> 
     </span>
     <span class='ocr_line' id='line_1_14' title="bbox 769 1372 1330 1442; baseline -0.005 -16"><span class='ocrx_word' id='word_1_60' title='bbox 769 1373 933 1426; x_wconf 85' lang='lat' dir='ltr'>Sideris</span> <span class='ocrx_word' id='word_1_61' title='bbox 952 1372 1149 1442; x_wconf 79' lang='lat' dir='ltr'>effigies,</span> <span class='ocrx_word' id='word_1_62' title='bbox 1171 1375 1330 1425; x_wconf 87' lang='lat' dir='ltr'>Evum</span> 
     </span>
     <span class='ocr_line' id='line_1_15' title="bbox 515 1441 1335 1512; baseline -0.001 -20"><span class='ocrx_word' id='word_1_63' title='bbox 515 1442 720 1510; x_wconf 75' lang='lat' dir='ltr'>AEquans</span> <span class='ocrx_word' id='word_1_64' title='bbox 745 1441 902 1512; x_wconf 77' lang='lat' dir='ltr'>imago</span> <span class='ocrx_word' id='word_1_65' title='bbox 920 1442 1099 1493; x_wconf 88' lang='lat' dir='ltr'>lumine</span> <span class='ocrx_word' id='word_1_66' title='bbox 1121 1442 1335 1493; x_wconf 82' lang='lat' dir='ltr'>Delium!</span> 
     </span>
     <span class='ocr_line' id='line_1_16' title="bbox 514 1510 1371 1572; baseline -0.001 -11"><span class='ocrx_word' id='word_1_67' title='bbox 514 1510 588 1561; x_wconf 90' lang='lat' dir='ltr'>Te</span> <span class='ocrx_word' id='word_1_68' title='bbox 613 1510 717 1560; x_wconf 81' lang='lat' dir='ltr'>luce</span> <span class='ocrx_word' id='word_1_69' title='bbox 740 1528 815 1561; x_wconf 88' lang='lat' dir='ltr'>rna</span> <span class='ocrx_word' id='word_1_70' title='bbox 851 1523 990 1572; x_wconf 80' lang='lat' dir='ltr'>nam&#39;,</span> <span class='ocrx_word' id='word_1_71' title='bbox 1011 1513 1087 1562; x_wconf 93' lang='lat' dir='ltr'>Te</span> <span class='ocrx_word' id='word_1_72' title='bbox 1111 1511 1371 1562; x_wconf 81' lang='lat' dir='ltr'>rutilantius</span> 
     </span>
     <span class='ocr_line' id='line_1_17' title="bbox 599 1579 1458 1637; baseline 0.003 -8"><span class='ocrx_word' id='word_1_73' title='bbox 599 1579 785 1629; x_wconf 72' lang='lat' dir='ltr'>Astrum</span> <span class='ocrx_word' id='word_1_74' title='bbox 827 1596 1005 1637; x_wconf 73' lang='lat' dir='ltr'>aretur,</span> <span class='ocrx_word' id='word_1_75' title='bbox 1033 1581 1110 1630; x_wconf 92' lang='lat' dir='ltr'>Te</span> <span class='ocrx_word' id='word_1_76' title='bbox 1138 1580 1458 1632; x_wconf 80' lang='lat' dir='ltr'>Monarcham</span> 
     </span>
     <span class='ocr_line' id='line_1_18' title="bbox 768 1646 1449 1705; baseline -0.001 -6"><span class='ocrx_word' id='word_1_77' title='bbox 768 1649 1012 1700; x_wconf 85' lang='lat' dir='ltr'>Attonitus</span> <span class='ocrx_word' id='word_1_78' title='bbox 1033 1667 1279 1699; x_wconf 84' lang='lat' dir='ltr'>veneratur</span> <span class='ocrx_word' id='word_1_79' title='bbox 1300 1646 1449 1705; x_wconf 86' lang='lat' dir='ltr'>orbis,</span> 
     </span>
     <span class='ocr_line' id='line_1_19' title="bbox 512 1716 1416 1788; baseline -0.006 -17"><span class='ocrx_word' id='word_1_80' title='bbox 512 1722 733 1788; x_wconf 73' lang='lat' dir='ltr'>Interque</span> <span class='ocrx_word' id='word_1_81' title='bbox 756 1721 994 1770; x_wconf 86' lang='lat' dir='ltr'>summum</span> <span class='ocrx_word' id='word_1_82' title='bbox 1019 1716 1161 1768; x_wconf 80' lang='lat' dir='ltr'>sidera</span> <span class='ocrx_word' id='word_1_83' title='bbox 1184 1718 1416 1786; x_wconf 81' lang='lat' dir='ltr'>praedicat.</span> 
     </span>
     <span class='ocr_line' id='line_1_20' title="bbox 512 1787 1400 1858; baseline -0.008 -17"><span class='ocrx_word' id='word_1_84' title='bbox 512 1790 643 1841; x_wconf 78' lang='lat' dir='ltr'>Nam</span> <span class='ocrx_word' id='word_1_85' title='bbox 668 1790 750 1839; x_wconf 90' lang='lat' dir='ltr'>Tu</span> <span class='ocrx_word' id='word_1_86' title='bbox 771 1788 993 1858; x_wconf 79' lang='lat' dir='ltr'>quadriga</span> <span class='ocrx_word' id='word_1_87' title='bbox 1009 1787 1173 1838; x_wconf 51' lang='lat' dir='ltr'>vedius</span> <span class='ocrx_word' id='word_1_88' title='bbox 1192 1789 1241 1837; x_wconf 89' lang='lat' dir='ltr'>in</span> <span class='ocrx_word' id='word_1_89' title='bbox 1264 1803 1400 1843; x_wconf 82' lang='lat' dir='ltr'>aurea</span> 
     </span>
     <span class='ocr_line' id='line_1_21' title="bbox 597 1855 1390 1922; baseline -0.006 -13"><span class='ocrx_word' id='word_1_90' title='bbox 597 1859 769 1915; x_wconf 81' lang='lat' dir='ltr'>Titan,</span> <span class='ocrx_word' id='word_1_91' title='bbox 790 1856 973 1906; x_wconf 80' lang='lat' dir='ltr'>dierum</span> <span class='ocrx_word' id='word_1_92' title='bbox 1000 1855 1195 1922; x_wconf 82' lang='lat' dir='ltr'>pulcher</span> <span class='ocrx_word' id='word_1_93' title='bbox 1218 1855 1390 1905; x_wconf 80' lang='lat' dir='ltr'>author</span> 
     </span>
     <span class='ocr_line' id='line_1_22' title="bbox 766 1923 1438 1992; baseline -0.003 -16"><span class='ocrx_word' id='word_1_94' title='bbox 766 1923 1034 1992; x_wconf 81' lang='lat' dir='ltr'>Regiloquo</span> <span class='ocrx_word' id='word_1_95' title='bbox 1057 1924 1263 1992; x_wconf 81' lang='lat' dir='ltr'>locuples</span> <span class='ocrx_word' id='word_1_96' title='bbox 1284 1924 1438 1974; x_wconf 87' lang='lat' dir='ltr'>nitore</span> 
     </span>
     <span class='ocr_line' id='line_1_23' title="bbox 513 1992 1324 2061; baseline -0.006 -14"><span class='ocrx_word' id='word_1_97' title='bbox 513 1995 671 2053; x_wconf 82' lang='lat' dir='ltr'>Sidus,</span> <span class='ocrx_word' id='word_1_98' title='bbox 694 1992 892 2046; x_wconf 87' lang='lat' dir='ltr'>coruscis</span> <span class='ocrx_word' id='word_1_99' title='bbox 917 1995 1128 2061; x_wconf 73' lang='lat' dir='ltr'>undique</span> <span class='ocrx_word' id='word_1_100' title='bbox 1150 1992 1324 2045; x_wconf 72' lang='lat' dir='ltr'>diffluis</span> 
     </span>
     <span class='ocr_line' id='line_1_24' title="bbox 512 2060 1471 2131; baseline -0.004 -16"><span class='ocrx_word' id='word_1_101' title='bbox 512 2066 708 2131; x_wconf 71' lang='lat' dir='ltr'>Fulgens</span> <span class='ocrx_word' id='word_1_102' title='bbox 732 2063 918 2131; x_wconf 78' lang='lat' dir='ltr'>pyropis</span> <span class='ocrx_word' id='word_1_103' title='bbox 935 2099 948 2121; x_wconf 94' lang='lat'>,</span> <span class='ocrx_word' id='word_1_104' title='bbox 975 2063 1118 2130; x_wconf 68' lang='lat' dir='ltr'>quam</span> <span class='ocrx_word' id='word_1_105' title='bbox 1142 2060 1471 2114; x_wconf 81' lang='lat' dir='ltr'>memorabiles</span> 
     </span>
     <span class='ocr_line' id='line_1_25' title="bbox 597 2127 1421 2200; baseline -0.008 -14"><span class='ocrx_word' id='word_1_106' title='bbox 597 2136 766 2186; x_wconf 84' lang='lat' dir='ltr'>Scenas</span> <span class='ocrx_word' id='word_1_107' title='bbox 786 2134 981 2183; x_wconf 87' lang='lat' dir='ltr'>adornas</span> <span class='ocrx_word' id='word_1_108' title='bbox 993 2137 1008 2182; x_wconf 69' lang='grc' dir='ltr'>ἒ</span> <span class='ocrx_word' id='word_1_109' title='bbox 1020 2127 1265 2200; x_wconf 71' lang='lat' dir='ltr'>quamque</span> <span class='ocrx_word' id='word_1_110' title='bbox 1287 2131 1421 2182; x_wconf 76' lang='lat' dir='ltr'>avitae</span> 
     </span>
     <span class='ocr_line' id='line_1_26' title="bbox 768 2197 1714 2266; baseline -0.003 -14"><span class='ocrx_word' id='word_1_111' title='bbox 768 2201 1047 2252; x_wconf 79' lang='lat' dir='ltr'>AUSTRIA</span> <span class='ocrx_word' id='word_1_112' title='bbox 1070 2203 1149 2253; x_wconf 84' lang='lat' dir='ltr'>das</span> <span class='ocrx_word' id='word_1_113' title='bbox 1170 2203 1464 2252; x_wconf 85' lang='lat' dir='ltr'>documneta</span> <span class='ocrx_word' id='word_1_114' title='bbox 1488 2197 1714 2266; x_wconf 60' lang='lat' dir='ltr'>pompae‘}</span> 
     </span>
     <span class='ocr_line' id='line_1_27' title="bbox 511 2268 1333 2337; baseline -0.002 -16"><span class='ocrx_word' id='word_1_115' title='bbox 511 2268 719 2322; x_wconf 86' lang='lat' dir='ltr'>Phoebea</span> <span class='ocrx_word' id='word_1_116' title='bbox 741 2269 915 2337; x_wconf 82' lang='lat' dir='ltr'>lampas</span> <span class='ocrx_word' id='word_1_117' title='bbox 940 2271 1088 2322; x_wconf 89' lang='lat' dir='ltr'>nescia</span> <span class='ocrx_word' id='word_1_118' title='bbox 1108 2270 1333 2336; x_wconf 73' lang='lat' dir='ltr'>contegi,</span> 
     </span>
     <span class='ocr_line' id='line_1_28' title="bbox 511 2333 1598 2407; baseline -0.007 -15"><span class='ocrx_word' id='word_1_119' title='bbox 511 2340 622 2392; x_wconf 85' lang='lat' dir='ltr'>Nec</span> <span class='ocrx_word' id='word_1_120' title='bbox 647 2340 779 2400; x_wconf 77' lang='lat' dir='ltr'>quod</span> <span class='ocrx_word' id='word_1_121' title='bbox 800 2339 1094 2407; x_wconf 82' lang='lat' dir='ltr'>peramplum</span> <span class='ocrx_word' id='word_1_122' title='bbox 1114 2341 1196 2389; x_wconf 92' lang='lat' dir='ltr'>Tu</span> <span class='ocrx_word' id='word_1_123' title='bbox 1217 2339 1351 2406; x_wconf 88' lang='lat' dir='ltr'>jubar</span> <span class='ocrx_word' id='word_1_124' title='bbox 1373 2333 1598 2404; x_wconf 81' lang='lat' dir='ltr'>explicas:</span> 
     </span>
     <span class='ocr_line' id='line_1_29' title="bbox 578 2407 1318 2476; baseline 0 -18"><span class='ocrx_word' id='word_1_125' title='bbox 578 2409 772 2476; x_wconf 87' lang='lat' dir='ltr'>Nempe</span> <span class='ocrx_word' id='word_1_126' title='bbox 787 2407 964 2461; x_wconf 84' lang='lat' dir='ltr'>indoles</span> <span class='ocrx_word' id='word_1_127' title='bbox 978 2409 1137 2460; x_wconf 86' lang='lat' dir='ltr'>innata</span> <span class='ocrx_word' id='word_1_128' title='bbox 1161 2408 1318 2476; x_wconf 82' lang='lat' dir='ltr'>prodit</span> 
     </span>
     <span class='ocr_line' id='line_1_30' title="bbox 763 2470 1555 2546; baseline -0.005 -20"><span class='ocrx_word' id='word_1_129' title='bbox 763 2477 945 2534; x_wconf 74' lang='lat' dir='ltr'>semet,</span> <span class='ocrx_word' id='word_1_130' title='bbox 964 2480 1014 2528; x_wconf 64' lang='grc' dir='ltr'>δέ</span> <span class='ocrx_word' id='word_1_131' title='bbox 1032 2477 1253 2546; x_wconf 74' lang='lat' dir='ltr'>ingenita:</span> <span class='ocrx_word' id='word_1_132' title='bbox 1276 2472 1359 2527; x_wconf 89' lang='lat' dir='ltr'>sub</span> <span class='ocrx_word' id='word_1_133' title='bbox 1386 2470 1555 2534; x_wconf 84' lang='lat' dir='ltr'>umbra</span> 
     </span>
     <span class='ocr_line' id='line_1_31' title="bbox 511 2539 1410 2614; baseline -0.001 -21"><span class='ocrx_word' id='word_1_134' title='bbox 511 2546 675 2594; x_wconf 79' lang='lat' dir='ltr'>Latere</span> <span class='ocrx_word' id='word_1_135' title='bbox 699 2545 832 2596; x_wconf 86' lang='lat' dir='ltr'>dotes</span> <span class='ocrx_word' id='word_1_136' title='bbox 845 2584 861 2604; x_wconf 83' lang='lat'><em>,</em></span> <span class='ocrx_word' id='word_1_137' title='bbox 884 2539 1081 2613; x_wconf 70' lang='lat' dir='ltr'>nonque</span> <span class='ocrx_word' id='word_1_138' title='bbox 1100 2547 1243 2598; x_wconf 87' lang='lat' dir='ltr'>decus</span> <span class='ocrx_word' id='word_1_139' title='bbox 1255 2544 1410 2614; x_wconf 86' lang='lat' dir='ltr'>potest</span> 
     </span>
     <span class='ocr_line' id='line_1_32' title="bbox 509 2612 1444 2683; baseline 0 -21"><span class='ocrx_word' id='word_1_140' title='bbox 509 2613 694 2681; x_wconf 73' lang='lat' dir='ltr'>Regale.</span> <span class='ocrx_word' id='word_1_141' title='bbox 731 2615 805 2665; x_wconf 84' lang='lat' dir='ltr'>Sic</span> <span class='ocrx_word' id='word_1_142' title='bbox 828 2614 920 2665; x_wconf 88' lang='lat' dir='ltr'>est:</span> <span class='ocrx_word' id='word_1_143' title='bbox 942 2632 1088 2682; x_wconf 82' lang='lat' dir='ltr'>quem</span> <span class='ocrx_word' id='word_1_144' title='bbox 1107 2616 1299 2683; x_wconf 80' lang='lat' dir='ltr'>fugiunt</span> <span class='ocrx_word' id='word_1_145' title='bbox 1319 2612 1444 2663; x_wconf 80' lang='lat' dir='ltr'>Tuae</span> 
     </span>
     <span class='ocr_line' id='line_1_33' title="bbox 594 2683 1237 2751; baseline 0.012 -20"><span class='ocrx_word' id='word_1_146' title='bbox 594 2683 812 2732; x_wconf 86' lang='lat' dir='ltr'>Miranda</span> <span class='ocrx_word' id='word_1_147' title='bbox 831 2685 1079 2751; x_wconf 82' lang='lat' dir='ltr'>MaJ&#39;estatis</span> <span class='ocrx_word' id='word_1_148' title='bbox 1096 2685 1237 2739; x_wconf 59' lang='lat' dir='ltr'>adm?</span> 
     </span>
     <span class='ocr_line' id='line_1_34' title="bbox 760 2747 1523 2822; baseline -0.008 -20"><span class='ocrx_word' id='word_1_149' title='bbox 760 2751 944 2810; x_wconf 83' lang='lat' dir='ltr'>Gloria,</span> <span class='ocrx_word' id='word_1_150' title='bbox 964 2753 1178 2822; x_wconf 87' lang='lat' dir='ltr'>splendor</span> <span class='ocrx_word' id='word_1_151' title='bbox 1203 2756 1255 2804; x_wconf 74' lang='grc' dir='ltr'>δε</span> <span class='ocrx_word' id='word_1_152' title='bbox 1274 2747 1523 2802; x_wconf 87' lang='lat' dir='ltr'>venustans</span> 
     </span>
     <span class='ocr_line' id='line_1_35' title="bbox 506 2815 1574 2889; baseline -0.002 -22"><span class='ocrx_word' id='word_1_153' title='bbox 506 2817 731 2870; x_wconf 88' lang='lat' dir='ltr'>Thronos</span> <span class='ocrx_word' id='word_1_154' title='bbox 754 2821 1028 2889; x_wconf 81' lang='lat' dir='ltr'>Regentum</span> <span class='ocrx_word' id='word_1_155' title='bbox 1050 2841 1152 2873; x_wconf 90' lang='lat' dir='ltr'>non</span> <span class='ocrx_word' id='word_1_156' title='bbox 1174 2819 1388 2873; x_wconf 85' lang='lat' dir='ltr'>tenebras</span> <span class='ocrx_word' id='word_1_157' title='bbox 1411 2815 1574 2867; x_wconf 84' lang='lat' dir='ltr'>sciunt.</span> 
     </span>
     <span class='ocr_line' id='line_1_36' title="bbox 505 2885 1490 2958; baseline 0.006 -21"><span class='ocrx_word' id='word_1_158' title='bbox 505 2887 695 2940; x_wconf 89' lang='lat' dir='ltr'>Omnes</span> <span class='ocrx_word' id='word_1_159' title='bbox 718 2905 799 2956; x_wconf 90' lang='lat' dir='ltr'>per</span> <span class='ocrx_word' id='word_1_160' title='bbox 820 2897 919 2940; x_wconf 68' lang='lat' dir='ltr'>o‘ras</span> <span class='ocrx_word' id='word_1_161' title='bbox 945 2891 1155 2958; x_wconf 87' lang='lat' dir='ltr'>panderis</span> <span class='ocrx_word' id='word_1_162' title='bbox 1181 2885 1490 2943; x_wconf 79' lang='lat' dir='ltr'>AUSTR1A‚</span> 
     </span>
     <span class='ocr_line' id='line_1_37' title="bbox 588 2958 1256 3025; baseline 0.003 -18"><span class='ocrx_word' id='word_1_163' title='bbox 588 2958 650 3008; x_wconf 87' lang='lat' dir='ltr'>Et</span> <span class='ocrx_word' id='word_1_164' title='bbox 671 2961 820 3025; x_wconf 85' lang='lat' dir='ltr'>majus</span> <span class='ocrx_word' id='word_1_165' title='bbox 843 2960 967 3010; x_wconf 78' lang='lat' dir='ltr'>orbis</span> <span class='ocrx_word' id='word_1_166' title='bbox 996 2960 1228 3011; x_wconf 87' lang='lat' dir='ltr'>luminare</span> <span class='ocrx_word' id='word_1_167' title='bbox 1242 2996 1256 3016; x_wconf 93' lang='lat'><em>,</em></span> 
     </span>
     <span class='ocr_line' id='line_1_38' title="bbox 759 3026 1361 3098; baseline -0.003 -22"><span class='ocrx_word' id='word_1_168' title='bbox 759 3027 984 3080; x_wconf 85' lang='lat' dir='ltr'>Plausibili</span> <span class='ocrx_word' id='word_1_169' title='bbox 1006 3027 1166 3098; x_wconf 86' lang='lat' dir='ltr'>patefis</span> <span class='ocrx_word' id='word_1_170' title='bbox 1189 3026 1361 3078; x_wconf 88' lang='lat' dir='ltr'>sereno.</span> 
     </span>
     <span class='ocr_line' id='line_1_39' title="bbox 503 3090 1431 3165; baseline -0.001 -23"><span class='ocrx_word' id='word_1_171' title='bbox 503 3094 626 3155; x_wconf 80' lang='lat' dir='ltr'>Qae</span> <span class='ocrx_word' id='word_1_172' title='bbox 647 3093 804 3145; x_wconf 87' lang='lat' dir='ltr'>forma</span> <span class='ocrx_word' id='word_1_173' title='bbox 825 3104 1011 3148; x_wconf 82' lang='lat' dir='ltr'>rerum?</span> <span class='ocrx_word' id='word_1_174' title='bbox 1032 3097 1124 3165; x_wconf 64' lang='lat' dir='ltr'>qua</span> <span class='ocrx_word' id='word_1_175' title='bbox 1142 3095 1322 3148; x_wconf 89' lang='lat' dir='ltr'>veheris</span> <span class='ocrx_word' id='word_1_176' title='bbox 1342 3090 1431 3148; x_wconf 66' lang='lat' dir='ltr'>via,</span> 
     </span>
     <span class='ocr_line' id='line_1_40' title="bbox 505 3162 1417 3229; baseline 0.005 -19"><span class='ocrx_word' id='word_1_177' title='bbox 505 3162 716 3229; x_wconf 80' lang='lat' dir='ltr'>Detergis</span> <span class='ocrx_word' id='word_1_178' title='bbox 731 3165 946 3225; x_wconf 86' lang='lat' dir='ltr'>umbras,</span> <span class='ocrx_word' id='word_1_179' title='bbox 970 3184 1024 3218; x_wconf 86' lang='lat' dir='ltr'>ac</span> <span class='ocrx_word' id='word_1_180' title='bbox 1046 3166 1215 3217; x_wconf 89' lang='lat' dir='ltr'>faciem</span> <span class='ocrx_word' id='word_1_181' title='bbox 1237 3177 1417 3214; x_wconf 84' lang='lat' dir='ltr'>novam</span> 
     </span>
     <span class='ocr_line' id='line_1_41' title="bbox 588 3227 1296 3301; baseline 0 -20"><span class='ocrx_word' id='word_1_182' title='bbox 588 3227 812 3299; x_wconf 67' lang='lat' dir='ltr'>Sumptus</span> <span class='ocrx_word' id='word_1_183' title='bbox 833 3233 1081 3301; x_wconf 80' lang='lat' dir='ltr'>loquacem</span> <span class='ocrx_word' id='word_1_184' title='bbox 1110 3230 1296 3284; x_wconf 80' lang='lat' dir='ltr'>fastuosi</span> 
     </span>
     <span class='ocr_line' id='line_1_42' title="bbox 754 3294 1591 3370; baseline -0.01 -18"><span class='ocrx_word' id='word_1_185' title='bbox 754 3302 953 3355; x_wconf 79' lang='lat' dir='ltr'>Instituis</span> <span class='ocrx_word' id='word_1_186' title='bbox 966 3343 982 3362; x_wconf 93' lang='lat'><em>,</em></span> <span class='ocrx_word' id='word_1_187' title='bbox 1004 3300 1304 3370; x_wconf 79' lang='lat' dir='ltr'>locuplesque</span> <span class='ocrx_word' id='word_1_188' title='bbox 1328 3294 1591 3350; x_wconf 85' lang='lat' dir='ltr'>mundum-</span> 
     </span>
     <span class='ocr_line' id='line_1_43' title="bbox 500 3364 1329 3439; baseline 0.002 -23"><span class='ocrx_word' id='word_1_189' title='bbox 500 3364 755 3433; x_wconf 86' lang='lat' dir='ltr'>Splendore</span> <span class='ocrx_word' id='word_1_190' title='bbox 779 3371 938 3439; x_wconf 88' lang='lat' dir='ltr'>reples.</span> <span class='ocrx_word' id='word_1_191' title='bbox 975 3368 1064 3423; x_wconf 68' lang='lat' dir='ltr'>Sed</span> <span class='ocrx_word' id='word_1_192' title='bbox 1087 3371 1177 3439; x_wconf 87' lang='lat' dir='ltr'>solij</span> <span class='ocrx_word' id='word_1_193' title='bbox 1211 3371 1329 3422; x_wconf 88' lang='lat' dir='ltr'>ferat</span> 
     </span>
     <span class='ocr_line' id='line_1_44' title="bbox 499 3434 1401 3499; baseline 0.001 -15"><span class='ocrx_word' id='word_1_194' title='bbox 499 3434 657 3486; x_wconf 85' lang='lat' dir='ltr'>Solem</span> <span class='ocrx_word' id='word_1_195' title='bbox 679 3436 754 3487; x_wconf 91' lang='lat' dir='ltr'>Te</span> <span class='ocrx_word' id='word_1_196' title='bbox 776 3434 1118 3499; x_wconf 69' lang='lat' dir='ltr'>Horizon‚.sefi</span> <span class='ocrx_word' id='word_1_197' title='bbox 1135 3438 1401 3489; x_wconf 83' lang='lat' dir='ltr'>diademata</span> 
     </span>
     <span class='ocr_line' id='line_1_45' title="bbox 586 3504 1311 3575; baseline 0 -20"><span class='ocrx_word' id='word_1_198' title='bbox 586 3504 778 3571; x_wconf 83' lang='lat' dir='ltr'>Regum</span> <span class='ocrx_word' id='word_1_199' title='bbox 799 3508 1015 3575; x_wconf 81' lang='lat' dir='ltr'>capeffas,</span> <span class='ocrx_word' id='word_1_200' title='bbox 1048 3507 1311 3559; x_wconf 85' lang='lat' dir='ltr'>fascinatrix</span> 
     </span>
    </p>
   </div>
   <div class='ocr_carea' id='block_1_3' title="bbox 751 3569 2296 3711">
    <p class='ocr_par' dir='ltr' id='par_1_3' title="bbox 751 3569 2296 3711">
     <span class='ocr_line' id='line_1_46' title="bbox 751 3569 1621 3644; baseline -0.003 -17"><span class='ocrx_word' id='word_1_201' title='bbox 751 3577 856 3628; x_wconf 88' lang='lat' dir='ltr'>Fert</span> <span class='ocrx_word' id='word_1_202' title='bbox 875 3576 1078 3628; x_wconf 89' lang='lat' dir='ltr'>famulos</span> <span class='ocrx_word' id='word_1_203' title='bbox 1098 3574 1211 3627; x_wconf 87' lang='lat' dir='ltr'>Tibi</span> <span class='ocrx_word' id='word_1_204' title='bbox 1235 3592 1412 3644; x_wconf 83' lang='lat' dir='ltr'>pompa</span> <span class='ocrx_word' id='word_1_205' title='bbox 1430 3569 1621 3641; x_wconf 87' lang='lat' dir='ltr'>plausus.</span> 
     </span>
     <span class='ocr_line' id='line_1_47' title="bbox 1179 3620 2296 3711; baseline -0.008 -31"><span class='ocrx_word' id='word_1_206' title='bbox 1179 3646 1219 3695; x_wconf 78' lang='lat' dir='ltr'>L</span> <span class='ocrx_word' id='word_1_207' title='bbox 1244 3659 1274 3711; x_wconf 81' lang='lat'><em>3</em></span> <span class='ocrx_word' id='word_1_208' title='bbox 2202 3620 2296 3679; x_wconf 80' lang='lat' dir='ltr'>Sed</span> 
     </span>
    </p>
   </div>
   <div class='ocr_carea' id='block_1_4' title="bbox 513 586 670 756">
    <p class='ocr_par' dir='ltr' id='par_1_4' title="bbox 513 586 670 756">
     <span class='ocr_line' id='line_1_48' title="bbox 513 586 670 756; baseline 0 -162"><span class='ocrx_word' id='word_1_209' title='bbox 513 586 670 756; x_wconf 95' lang='lat' dir='ltr'>  </span> 
     </span>
    </p>
   </div>
  </div>
 </body>
</html>
