2457 3961
233 217 347 271 fides
359 254 372 276 ‚
392 231 497 269 tum
514 211 831 279 hospitalitatis
835 214 938 278 jura
949 210 998 262 in
1010 209 1253 262 summum
1270 209 1520 262 discrimen
1533 210 1906 265 adducebantur.
1940 216 2102 274 Quare
2117 214 2176 267 ad
2199 215 2361 267 deme-

232 289 426 339 rendam
449 281 728 347 Estampiam
744 280 863 346 Regi
876 281 1160 347 peramicam
1174 318 1190 338 ,
1216 281 1440 330 animum
1452 279 1676 348 applicuit
1698 281 1980 348 Imperat0r3
2002 287 2053 335 &
2073 285 2195 335 inter
2214 284 2364 335 comi-

231 358 335 407 tatis
351 351 547 418 alloquia
558 348 788 400 annulum
800 348 825 398 a
835 366 937 398 raro
958 349 1211 399 adamante
1223 348 1478 415 pretiosum
1493 367 1550 400 ex
1560 349 1780 399 industria
1794 349 1992 401 dimittit
2002 351 2026 401 ἓ
2038 351 2213 418 digito3
2233 350 2364 402 incli-

230 440 338 476 nata
350 421 571 472 astutum
583 417 652 468 illa
664 416 898 468 annulum
910 415 1049 476 levat,
1060 421 1110 469 &
1125 415 1339 468 officioso
1350 416 1646 469 honoratum
1659 417 1819 469 osculo
1833 419 1972 469 refert
1981 419 2144 470 Caesari
2158 443 2175 469 .·
2198 437 2245 471 at
2258 421 2285 470 s
2278 420 2360 470 ub·

229 493 381 543 ridens
393 486 588 541 Carolus
600 506 610 536 :
621 483 1023 554 Tibi,inquit,esto
1034 486 1255 552 deinceps
1268 485 1348 536 hic
1360 484 1557 537 annulus
1568 507 1581 547 3
1594 505 1694 537 non
1706 487 1835 538 enim
1847 487 1996 538 solent
2007 488 2362 556 Caesares,quod

230 558 454 626 dilapsum
465 557 490 607 a
503 553 719 607 manibus
730 555 795 605 est
807 591 820 612 ‚
839 570 1059 622 repetere.
1096 551 1442 605 Liberalitatem
1456 570 1675 606 venerata
1686 554 1874 606 faemina
1888 555 2085 623 vulgatis
2097 556 2253 608 Caroli
2266 555 2362 606 lau-

226 628 362 680 dibus
375 641 564 676 tantum
578 622 758 684 effecit3
773 638 825 674 ut
837 627 932 690 ejus
943 623 1288 690 intercipiendi,
1300 622 1594 693 detinendi&
1613 622 1865 675 confilium
1880 625 2133 676 evanuerit,
2169 626 2245 692 (g)
2257 626 2358 676 An·

227 696 393 749 tiocho
406 694 522 748 Afiae
532 693 652 761 Regi
666 689 836 743 obsessa
845 690 1135 760 Jerosolyma
1149 692 1450 759 pertinaciter
1461 693 1683 743 restiterat
1696 713 1710 753 3
1736 686 1910 760 petiere
1921 709 2080 744 tamen
2093 691 2153 743 ab
2175 711 2235 743 eo
2247 728 2262 752 ,
2282 692 2360 744 cui

229 764 344 818 nihil
372 763 638 815 concedere
660 757 888 812 volebant
918 758 1138 811 obstinati
1164 761 1289 812 cives
1310 761 1488 828 septem
1508 761 1691 812 dierum
1714 762 1922 812 inducias
1946 761 2002 812 ad
2024 758 2361 813 celebrandum

228 833 452 903 paschatis
465 831 669 881 festum:
684 827 1003 949 flagitantibus
1013 826 1202 880 indulsit
1215 827 1569 897 benignissimus
1582 829 1798 897 Princeps
1814 850 1823 879 :
1840 833 1891 881 &
1904 846 1957 881 ut
1969 833 2200 900 majorem
2211 830 2362 881 osten-

228 904 360 954 deret
374 902 422 951 in
435 901 577 951 dante
590 899 755 950 Libera
774 900 963 955 itatem,
985 899 1135 966 quam
1154 898 1201 948 in
1215 896 1485 972 petentibus
1497 898 1606 948 esset
1619 897 1789 950 fiducia
1803 918 1813 949 ι
1836 899 2015 950 addidit
2028 916 2182 950 tauros
2196 900 2361 949 auratis

227 970 450 1023 cornibus
461 968 1389 1037 infignes,thymiamatum‚aromatumq5
1404 969 1502 1016 vim
1517 984 1742 1033 magnam
1758 968 1803 1017 in
1818 967 2040 1019 sacrificiu
2054 969 2111 1018 ad
2126 983 2282 1035 portas
2293 985 2362 1017 ur-

229 1039 298 1092 bis
313 1057 427 1091 cum
443 1056 621 1107 pompa
632 1036 807 1087 solenni
818 1035 988 1085 deduci
994 1033 1136 1103 jussit.
1148 1035 1296 1102 Judaei
1312 1036 1524 1104 protinus
1540 1036 1563 1085 a
1578 1036 1823 1088 testivitate
1845 1036 2030 1103 peracta
2041 1037 2249 1087 inFidem
2264 1037 2360 1086 Re-

231 1114 297 1176 gis
325 1100 594 1159 concessere
620 1142 634 1164 ,
670 1107 722 1156 &
747 1104 825 1156 cui
846 1103 1106 1154 restiterant
1134 1120 1316 1154 armato
1327 1140 1341 1161 ‚
1352 1108 1456 1171 jam
1480 1104 1602 1154 ultro
1626 1103 1669 1154 se
1688 1101 1976 1175 subjecerant
2000 1104 2244 1156 munifico
2280 1104 2361 1170 (h)

228 1166 357 1231 Nun
394 1194 505 1226 uam
512 1171 800 1244 parcendum
810 1171 870 1239 est
882 1167 1169 1230 muneribus,
1179 1191 1427 1244 nunquam
1437 1175 1644 1224 nummis
1653 1209 1667 1230 ,
1681 1191 1787 1223 cum
1804 1177 2011 1225 nummis
2023 1192 2094 1225 res
2113 1171 2276 1243 confici
2281 1177 2361 1238 ju-

215 1244 291 1317 ste
298 1196 479 1372 Ρξῷιηῐ
492 1263 502 1292 z
522 1259 725 1316 quorum
733 1238 1252 1313 parfimoniaplerumgj
1259 1236 1444 1312 publica
1458 1247 1528 1292 rei
1543 1238 1705 1309 obfuit.
1728 1240 1984 1312 Quodsaepe
1995 1247 2073 1302 jus
2074 1240 2173 1310 sine
2186 1241 2360 1293 tumul-

229 1329 285 1366 tu
381 1315 624 1383 sanguine
642 1312 736 1361 vix
756 1310 989 1369 obtinuit,
1010 1328 1119 1361 cum
1133 1323 1251 1381 pace
1270 1312 1472 1362 vidore?
1495 1306 1881 1381 Liberalttasstbz·
1890 1309 2028 1363 vidit
2037 1308 2260 1363 accedere.
2297 1310 2358 1375 (i)

397 1450 640 1517 Proprium
660 1448 725 1499 est
742 1447 932 1515 Regum
946 1465 1117 1498 munus
1129 1446 1189 1497 de
1199 1445 1424 1499 omnibus
1436 1444 1561 1502 bene
1571 1447 1742 1499 mereri
1754 1483 1768 1505 ‚
1792 1463 1847 1499 ut
1868 1466 2035 1499 omnes
2054 1443 2137 1499 fibi
2157 1445 2359 1498 reddant

229 1519 473 1588 obligatos.
509 1519 550 1569 Is
564 1516 674 1568 vere
690 1518 905 1583 Princeps
917 1516 996 1573 est,
1007 1518 1088 1583 qui
1112 1514 1221 1566 nulli
1244 1514 1402 1573 debet,
1425 1514 1693 1568 cuidebent
1707 1535 1898 1575 omnes,
1924 1518 2005 1585 qui
2028 1516 2206 1585 ipsum,
2227 1515 2359 1584 quod

227 1587 372 1640 debet
388 1587 679 1654 stipendiaria
691 1582 923 1636 Nobilitas
943 1582 1223 1653 obsequium
1236 1622 1250 1644 ,
1263 1588 1641 1638 remuneratione
1670 1584 1957 1652 compensat.
1991 1586 2128 1654 Regi,
2149 1603 2250 1636 non
2275 1584 2357 1635 do-

228 1660 368 1709 mino
380 1657 515 1707 servit
527 1677 544 1705 .·
566 1656 647 1724 qui
670 1654 788 1705 dum
811 1654 943 1722 quod
963 1651 1179 1712 soluitur,
1209 1655 1443 1705 servitium
1469 1654 1688 1712 exhibet,
1709 1654 1801 1722 ipsa
1820 1651 2114 1705 exhibitione
2134 1670 2355 1705 meretur.

227 1723 562 1778 Emolumenta
585 1721 721 1792 deeffi’
733 1719 1056 1774 laborantibus
1077 1741 1169 1773 non
1180 1736 1382 1793 oportet3
1407 1736 1461 1772 ut
1483 1722 1544 1779 69²
1565 1720 1681 1774 bona
1692 1720 1966 1797 :Peiadt'tus
1977 1724 2251 1793 aperiatur3
2295 1717 2358 1779 &³

233 1792 570 1859 desudantium
583 1791 767 1867 querela
778 1787 917 1859 Justa'
938 1790 1305 1861 compensatione
1317 1789 1615 1843 claudantur.
1652 1791 1731 1859 (k)
1765 1790 1927 1842 Solerti
1953 1793 2115 1841 animo
2137 1789 2253 1841 nibil
2272 1790 2359 1840 du-

230 1864 322 1914 rius
335 1862 600 1929 contingit,
623 1859 768 1928 quam
781 1858 979 1917 haerere,
998 1877 1109 1910 cum
1126 1860 1182 1910 ad
1198 1859 1375 1910 altiores
1389 1861 1639 1918 dimicares
1653 1876 1855 1927 pergunt
1873 1860 2026 1928 ignavi
2041 1877 2054 1919 3
2080 1876 2171 1910 nec
2190 1857 2359 1910 diffici-

225 1931 310 1982 lius
333 1931 398 1982 est
419 1929 566 1981 nobili
583 1928 871 1985 meminisse,
895 1928 1040 1996 quam
1055 1926 1331 1980 suioblitum
1343 1928 1428 1979 esse
1441 1931 1717 1995 Principem.
1765 1930 1966 1980 Durum
1990 1930 2062 1993 esz‘3
2074 1925 2122 1996 fi
2182 1930 2282 1985 uis,
2302 1941 2359 1978 ut

228 1996 946 2060 promoveatur,meritisaddere
958 2010 1153 2068 cogatur
1156 2011 1324 2067 preces.
1339 1999 1446 2074 Qt‘
1455 1995 1538 2049 hoc
1549 2011 1837 2048 tormentum
1847 1999 2153 2055 remittt't,mu
2171 1994 2362 2068 tt'plicat

225 2086 414 2121 munus.
452 2067 511 2134 (l)
544 2068 756 2134 Oportet
768 2081 933 2116 tamen
944 2064 1155 2125 subinde,
1170 2068 1412 2134 utReguin
1426 2084 1612 2134 gravata
1627 2064 1820 2134 publicis
1831 2067 1951 2117 curis
1962 2067 2189 2116 memoria
2201 2066 2257 2115 ad
2273 2064 2360 2133 pri-

227 2153 363 2189 vatos
375 2134 417 2187 se
429 2137 650 2187 demittat
665 2155 681 2184 s
702 2135 977 2185 meritorum
1000 2134 1190 2185 suorum
1221 2136 1483 2186 modestam
1507 2152 1802 2187 mentionem
1825 2135 2033 2202 ingerere
2047 2171 2060 2193 ,
2083 2152 2183 2184 non
2196 2150 2358 2185 autem

229 2206 294 2256 im
301 2222 570 2273 portunam.
640 2200 908 2253 Affirmavit
919 2202 1035 2253 mihi
1048 2204 1167 2261 Rex,
1179 2205 1332 2272 inquit
1346 2204 1646 2259 Cominaeus:
1673 2203 1770 2254 fieri
1784 2203 2055 2270 aliquando,
2083 2218 2138 2253 ut
2163 2205 2359 2270 egregiae

230 2273 551 2342 operaeminus
567 2270 810 2324 liberaliter
821 2287 1184 2323 remunerentur
1196 2291 1295 2323 non
1310 2271 1406 2323 tam
1438 2272 1771 2340 ingratitudine
1794 2271 2061 2339 Principum
2075 2308 2088 2330 ,
2115 2272 2260 2339 quam
2283 2289 2360 2320 eo-

229 2361 336 2394 rum
353 2380 368 2400 ,
391 2342 471 2410 qui
484 2358 674 2408 operam
699 2340 1007 2407 praestiterunt
1021 2376 1035 2398 ,
1060 2340 1199 2390 vitio:
1221 2342 1337 2391 dum
1361 2341 1562 2409 quadam
1584 2341 1690 2391 elati
1711 2338 2003 2392 confidentia
2022 2339 2088 2391 ob
2111 2357 2211 2391 rem
2234 2339 2359 2391 bene

218 2412 601 2462 administratam
616 2408 759 2459 multa
772 2407 1022 2460 insolenter
1033 2423 1218 2476 petunt.
1259 2410 1356 2476 (m)
1393 2410 1606 2477 Dignitas
1617 2427 1675 2461 ex
1686 2409 1916 2478 dignitate
1926 2408 2094 2460 collata
2114 2409 2353 2477 quaeritur,

231 2485 282 2532 &
298 2479 398 2547 post
411 2476 686 2546 pensionem
697 2477 999 2546 recompensa
1012 2497 1026 2537 3
1051 2495 1105 2528 ac
1116 2478 1231 2529 dum
1246 2480 1410 2530 merita
1434 2479 1764 2544 praetendunt,
1785 2479 1982 2545 exigunt
2000 2477 2130 2531 velut
2141 2478 2167 2527 a
2178 2477 2359 2545 Justitia

230 2549 523 2605 mercedem,
535 2546 666 2614 quod
676 2547 741 2597 est
753 2564 925 2597 munus
939 2545 1254 2597 Liberalitatis.
1290 2547 1581 2614 Negandum
1597 2548 1662 2598 est
1676 2544 1980 2605 beneficium,
1992 2546 2125 2615 quod
2136 2547 2356 2614 exigitur:

231 2635 286 2668 ut
296 2617 600 2684 distinguatur
611 2614 1093 2684 gratuituma‘debitO.
1128 2616 1410 2667 'Demaratus
1424 2615 1541 2666 dum
1551 2653 1567 2672 ‚
1579 2617 1710 2684 quod
1724 2617 1865 2667 Xerxi
1879 2613 2264 2684 sapientissimum
2275 2615 2360 2665 de-

231 2685 361 2737 disset
370 2683 617 2736 consilium
632 2723 647 2742 ,
667 2681 1195 2752 impudenterplausum
1208 2683 1429 2751 postulat,
1451 2683 1590 2735 risum
1603 2685 1846 2746 excitavit3
1871 2685 1931 2737 de
1947 2703 2048 2753 quo
2068 2685 2245 2734 Seneca
2267 2686 2359 2751 aje-

233 2752 335 2805 bat:
362 2751 900 2823 dtgnusfueratpraemio
911 2789 927 2812 ,
946 2751 1249 2823 ntstpetejffl’t·
1284 2755 1364 2820 (n)
1386 2747 1518 2803 Adeo
1531 2756 1619 2827 qui
1630 2751 1824 2804 meliora
1834 2750 2045 2805 laborum
2049 2754 2259 2820 premia,
2269 2762 2358 2801 aut

231 2820 456 2873 honorum
466 2833 724 2892 augmenta
736 2834 1008 2895 extorquere
1018 2819 1190 2872 volunt
1201 2825 1336 2892 ‚s‘aepe
1353 2817 1528 2897 ‚issesud
1546 2819 1832 2872 exciderunt.
1869 2823 1941 2890 (a)
1976 2823 2169 2872 Donate
2187 2818 2359 2872 volunt

232 2893 386 2958 Reges
399 2927 414 2947 ‚
437 2908 538 2939 non
549 2887 720 2939 debere
733 2927 750 2946 ,
774 2890 856 2956 qui
874 2890 1078 2947 donant,
1091 2907 1152 2941 ne
1162 2890 1382 2941 debeantss
1417 2887 1559 2963 Qd
1573 2888 1657 2957 est‘,
1679 2889 1922 2958 inquiebat
1943 2889 2204 2941 Alexander
2221 2888 2360 2939 Seve-

232 2978 307 3010 rus
320 2957 508 3011 cuidam
518 2956 548 3007 ὲ
563 2955 845 3008 fidelioribus
856 2958 1098 3008 ministris:
1117 2952 1250 3032 quod
1266 2956 1393 3009 nihil
1399 2956 1430 3009 a
1441 2971 1650 3027 mepetas
1666 2978 1677 3008 ;
1698 2977 1764 3009 an
1775 2978 1849 3009 me
1861 2954 2076 3027 tibifieri
2088 2959 2168 3008 vis
2188 2952 2360 3007 debito-

233 3047 330 3078 rem
343 3030 367 3083 ’ζ
386 3028 463 3093 (p)
482 3024 740 3094 Pulchrum
749 3041 989 3078 certamen
1002 3026 1123 3077 inter
1135 3025 1484 3078 Liberalitatem
1499 3027 1719 3096 Principis
1729 3028 1790 3079 ad
1802 3027 2232 3080 remunerationem
2248 3042 2354 3092 pro-

232 3095 377 3165 pensi,
396 3100 446 3147 ὄζ
462 3095 739 3146 modestiam
749 3095 945 3146 ministri
956 3093 1056 3145 solo
1069 3095 1299 3164 stipendio
1311 3095 1541 3148 contenti.

408 3227 673 3282 Imitabitur
682 3247 847 3284 autem
857 3231 962 3283 Rex
978 3230 1243 3293 Affuerum3
1257 3232 1338 3300 qui
1356 3231 1547 3284 suorum
1559 3231 1608 3283 in
1620 3231 1664 3283 se
1676 3232 1844 3284 merita
1855 3228 2086 3283 referebat
2098 3229 2148 3280 in
2158 3225 2355 3279 librum:

235 3319 334 3370 quo
345 3302 638 3351 &recentior
649 3339 666 3358 ,
690 3304 740 3352 &
751 3304 922 3352 certior
935 3300 1043 3352 esset
1052 3299 1387 3369 obsequiorum
1399 3302 1631 3353 memoria
1641 3337 1655 3359 ,
1681 3319 1786 3368 quae
1798 3299 2026 3352 munifica
2038 3335 2052 3356 ‚
2076 3297 2247 3366 regiac'p
2261 3315 2360 3347 ma-

232 3388 300 3420 nu
315 3368 649 3436 compensaret.
687 3371 768 3435 (q)
801 3370 980 3420 Imitari
994 3370 1197 3438 quisquis
1212 3368 1455 3420 Affuerum
1469 3369 1690 3421 voluerit:
1706 3369 2036 3420 Mardochaeos
2049 3366 2358 3433 inveniet,qui

235 3454 333 3488 tam
349 3436 581 3487 munifico
593 3436 793 3504 largitori
802 3438 1082 3489 adhaereant.
1118 3438 1337 3505 ingentes
1352 3440 1478 3489 dona
1491 3438 1597 3489 sunt
1606 3439 1879 3506 compedes,
1892 3437 1941 3486 in
1963 3453 2074 3504 quas
2087 3449 2141 3484 ut
2163 3432 2361 3488 libenter

234 3510 277 3557 se
290 3508 566 3556 immittunt
576 3508 912 3572 accipientium
928 3521 1120 3562 manus:
1149 3505 1211 3557 sic
1224 3506 1419 3558 suaviter
1430 3508 1630 3558 irretitur
1649 3510 1844 3557 animus.
1890 3506 2083 3571 Semper
2107 3500 2362 3570 poffidebit

235 3574 354 3634 Rex,
371 3592 517 3642 quem
529 3572 612 3625 fibi
626 3574 687 3626 sic
698 3575 999 3641 comparavit
1012 3594 1023 3624 :
1045 3574 1195 3643 pudet
1207 3576 1433 3626 nimirum
1443 3576 1681 3643 ingratum
1692 3574 1778 3626 effe
1790 3613 1807 3632 ,
1830 3578 1880 3625 δέ
1893 3589 2150 3623 munerum
2173 3588 2362 3644 memo-

1342 3664 1345 3667 “
2297 3657 2362 3688 sla
