2457 3961
99 164 229 269 ΡΙ
243 154 875 374 [321²ssssst
888 151 1145 364 {Tg
1152 151 1440 362 {4224
1453 153 1695 361 SPAJEIJ
1707 149 2083 363 &2¹59
2101 156 2207 259 Α

551 392 1105 482 SERVAJA
1175 388 1766 479 CORONA&

275 587 316 641 *ὲ
334 576 414 633 ff
421 585 542 637 Ort'e
563 582 846 637 suburbanas
865 581 946 635 ubi
970 579 1154 650 plenior
1166 578 1292 631 alluit
1312 578 1421 631 Ister

281 618 720 729 *xss‘fgl-Iindobonae
739 652 906 721 sylvaS‚
931 645 1167 726 diviffiquc
1188 646 1375 700 brachia
1389 647 1616 724 stringens

269 722 476 775 Includit
495 715 838 789 Dryadumque
861 720 1060 777 choros,
1078 709 1373 785 viride‘mque
1394 718 1627 778 Dianam,

271 789 368 844 Sub
392 789 530 842 densa
550 807 701 858 nuper
724 790 995 842 consederat
1019 785 1302 840 AUSTRIA
1324 784 1505 837 fronde.

271 860 372 912 Hic
393 859 513 909 dum
535 859 657 909 Diva
675 859 799 911 leves
820 856 963 909 oculo
984 855 1198 924 fugiente
1220 853 1398 906 ruentis

271 924 541 981 Abnobidae
562 926 733 979 fluetus
756 926 918 978 animo
938 925 1214 979 meditatur,
1237 924 1289 975 δί
1309 921 1459 974 undas

271 993 473 1048 Instabili
494 995 626 1047 videt
648 996 713 1046 ire
731 994 807 1047 via
818 1033 834 1055 ,
870 990 1058 1065 quaque
1078 994 1282 1060 impetus
1300 1005 1465 1060 urget,

270 1065 402 1118 Stare
425 1062 534 1116 loco
552 1067 728 1133 ignaras
751 1063 930 1132 liquido
950 1063 1195 1114 decurrere
1213 1057 1337 1128 lapsu
1350 1097 1367 1118 ,

271 1132 468 1185 Talibus
491 1131 742 1201 alloquitur
762 1132 1025 1202 fugientem
1048 1127 1245 1184 vocibus
1270 1129 1468 1185 Istrum:

271 1196 436 1262 Te'ne,
458 1201 602 1256 fatere
622 1201 805 1270 Hospes
817 1239 833 1259 ,
852 1201 971 1253 vivit
991 1213 1215 1268 prognata
1227 1211 1436 1265 parente,

271 1273 435 1331 Quam
455 1269 570 1322 colit
589 1266 1003 1322 AUSTRIACIS
1014 1268 1205 1320 dudum
1223 1283 1337 1334 gens
1361 1260 1521 1319 invida
1539 1259 1751 1332 sceptris,

270 1339 442 1392 Sancta
465 1338 604 1398 olim,
624 1354 804 1406 regeret
822 1337 1059 1390 mundum
1084 1336 1207 1388 dum
1228 1333 1429 1386 sanctior
1450 1345 1585 1392 aetas,

272 1409 365 1460 Sed
385 1408 536 1459 modo
558 1425 654 1458 rara
677 1407 839 1463 Fides?
860 1405 1068 1474 loquitur
1089 1422 1208 1472 vaga
1228 1403 1319 1456 filia
1336 1417 1532 1472 patrem.

272 1477 354 1528 Tu
376 1475 519 1528 nescis
542 1473 674 1528 alveo
701 1474 976 1534 consistere,
999 1473 1148 1526 nescia
1171 1476 1222 1525 &
1243 1472 1314 1523 illa

275 1543 496 1604 Labitur,
518 1536 803 1613 illudensque
829 1539 1085 1603 docet‚cfii
1110 1542 1253 1593 fidere
1275 1540 1340 1591 fas
1363 1537 1430 1591 sit.

275 1616 389 1665 Heu
411 1613 615 1668 fraudes!
637 1612 732 1663 heu
749 1611 874 1664 fluxa
896 1611 1050 1667 Fides!
1072 1627 1177 1679 quae
1199 1610 1373 1661 vivitur
1396 1607 1530 1658 aetas!

276 1682 393 1747 Quo
414 1681 533 1749 fugit
557 1679 676 1732 alma
696 1682 851 1733 Fides?
870 1679 1038 1732 celeres
1069 1679 1168 1730 huc
1188 1678 1334 1745 dirige
1360 1674 1554 1745 greffus,

272 1747 373 1801 Hic
393 1750 506 1800 Tibi
522 1751 633 1800 stare
652 1749 784 1808 loco,
804 1751 855 1801 &
875 1764 998 1800 tutas
1019 1748 1146 1799 dabo
1166 1745 1308 1815 figere
1330 1745 1467 1797 sedes,

274 1820 382 1870 Fida
401 1818 494 1877 fui,
518 1818 700 1886 semper
720 1817 914 1885 (superi
937 1818 1045 1869 date
1068 1820 1091 1885 )
1113 1815 1206 1868 fida
1230 1813 1455 1868 manebo,

359 1888 514 1944 Dixit,
535 1887 734 1939 dicentis
757 1885 884 1938 dulci
905 1886 1227 1938 modulamine
1248 1885 1458 1936 reddunt

275 1955 478 2007 Naiades
501 1951 802 2024 Dryadesque
825 1954 1022 2013 mod05,
1044 1958 1095 2007 ὅ(
1114 1954 1321 2006 carmine
1343 1951 1520 2003 fluxam

274 2025 520 2092 Stringunt
531 2062 545 2082 ,
566 2023 1177 2092 AHSTRIACAMQE
1195 2020 1439 2074 FIDEM
1453 2019 1587 2085 super
1603 2012 1774 2067 aethera
1787 2009 1973 2067 tollunt.

359 2095 483 2144 Ecce
506 2109 664 2145 autem
678 2094 824 2152 ,dum
845 2094 968 2144 Diva
993 2091 1088 2143 suas
1111 2091 1293 2159 Regina
1315 2087 1519 2158 querelas

276 2160 584 2219 Accumulat,
606 2180 706 2213 non
732 2161 822 2214 visa
849 2160 1097 2229 prius,stat
1118 2161 1274 2211 littore
1297 2155 1494 2227 cymba,

275 2230 444 2282 Amnis
467 2248 527 2281 an
549 2229 787 2288 adversus,
806 2229 1009 2282 dubium
1042 2230 1131 2288 est,
1155 2220 1372 2280 tuleritne
1393 2221 1639 2281 secundm,

275 2301 443 2357 Quam
464 2312 593 2365 pater
611 2298 702 2366 ipse
723 2298 815 2348 loci
843 2315 1003 2349 remex
1017 2336 1033 2356 ,
1053 2300 1105 2348 &
1125 2297 1326 2363 portitor
1348 2296 1458 2347 Ister

274 2367 542 2418 Adveetam
554 2366 711 2418 secum
731 2367 883 2418 tacitis
905 2366 1003 2417 huc
1022 2366 1200 2434 appulit
1222 2365 1387 2420 undist

276 2438 385 2485 Una
407 2435 496 2486 fuit
518 2433 704 2502 cymbae
727 2436 937 2503 pondus,
957 2435 1035 2486 cui
1055 2452 1202 2502 pauca
1219 2434 1405 2486 locutus

278 2503 504 2555 Portitor:
521 2502 781 2563 Exstende,
803 2504 910 2556 haec
932 2502 1035 2554 fatis
1054 2503 1140 2555 tibi
1161 2501 1319 2555 debita
1338 2517 1457 2554 terra
1477 2498 1556 2550 est.

278 2573 441 2630 Dixit,
468 2576 520 2624 &
542 2573 591 2623 in
612 2589 732 2624 noto
752 2590 967 2642 mergens
988 2572 1031 2623 se
1050 2572 1269 2624 condidit
1290 2565 1436 2625 alveo.

361 2641 505 2708 Virgo
519 2658 641 2700 erat,
667 2660 747 2692 ora
770 2643 883 2693 Deae
905 2640 1084 2697 similis,
1105 2640 1184 2692 sed
1203 2638 1330 2711 pulsa
1351 2640 1557 2711 quietas,

276 2704 425 2769 Queis
446 2710 604 2769 staret,
629 2725 769 2762 terras
786 2710 1077 2777 (hominum
1099 2727 1213 2787 gens
1233 2711 1404 2778 impia,
1424 2707 1531 2760 sede

277 2781 403 2839 Quae
426 2778 582 2846 neque
596 2782 696 2847 jam
716 2780 916 2847 Superos
939 2777 1082 2831 stabili
1099 2779 1204 2831 linis
1222 2777 1337 2831 effe!
1354 2780 1378 2848 )
1398 2775 1650 2846 requirens.

278 2847 400 2898 Haec
420 2843 501 2898 ubi
524 2848 757 2915 Reginam
778 2848 921 2900 vicini
949 2848 999 2899 in
1019 2849 1230 2916 tegmine
1250 2846 1344 2899 luci

277 2915 523 2975 Advertit,
545 2917 680 2968 Divae
699 2916 892 2985 supplex
910 2916 981 2967 his
999 2916 1199 2968 vocibus
1211 2914 1286 2968 usa
1307 2916 1398 2968 est:

277 2984 329 3034 O
350 2983 560 3036 multum
584 2985 751 3038 dilecta
771 2986 904 3044 De0,
923 2979 1000 3037 ciii
1019 2985 1113 3037 fata
1134 3003 1348 3044 coronaS,

277 3052 339 3103 Et
364 3070 505 3120 regna
526 3053 849 3106 accumulant:
871 3054 1007 3106 liceat
1028 3054 1275 3107 succedere
1301 3051 1460 3112 terri8‚

278 3123 409 3176 Quas
428 3120 526 3173 fido
549 3123 745 3190 imperio
763 3123 1041 3183 moderaris,
1064 3117 1278 3192 quosque
1297 3120 1503 3190 benigna

277 3190 409 3240 Astra
430 3190 546 3241 mihi
570 3191 630 3242 de
655 3191 733 3243 Te
753 3192 1014 3260 spondent,
1038 3191 1204 3244 sentire
1226 3191 1419 3245 favores

362 3257 623 3326 Obstupuit
641 3257 810 3311 sortem
824 3296 838 3319 ,
865 3253 1136 3330 voce'mque
1146 3297 1160 3320 ,
1173 3253 1488 3328 habitumque
1508 3255 1743 3328 loquentis

277 3325 660 3378 ALISTRJACI
677 3329 856 3397 Regina
881 3328 985 3386 soli:
1013 3330 1190 3381 dehinc
1212 3329 1319 3380 talia
1338 3329 1484 3380 fatur:

280 3393 330 3444 O
346 3395 479 3462 Dea(
491 3413 607 3447 nam
621 3413 761 3465 negat
773 3397 858 3448 effe
870 3397 1119 3449 hominem
1130 3415 1224 3449 vox
1235 3436 1251 3456 ,
1273 3394 1478 3466 quaeque
1490 3394 1716 3448 decoram

279 3461 473 3514 Mortali
495 3469 642 3534 major
667 3467 800 3517 vestit
817 3464 931 3517 Tibi
949 3469 1094 3535 gratia
1112 3466 1354 3532 frontem)

276 3530 323 3581 Si
345 3530 536 3600 superis,
558 3552 765 3602 quorum
786 3552 890 3587 mea
911 3535 1016 3599 sunt
1039 3537 1165 3656 haelcC'1
1165 3551 1361 3588 munere
1382 3532 1572 3602 Regna,
2117 3591 2237 3646 Non

1188 3617 1217 3671 3
2130 3650 2132 3652 .
