2457 3961
418 212 538 267 Non
561 211 738 277 ingrata
760 204 854 267 fui,
877 199 1122 276 coluique,
1144 205 1332 275 colique
1350 205 1545 260 Penates
1645 225 1648 228 ’
1719 201 1723 206 ’

423 282 469 333 Si
488 277 608 341 iussi,
635 276 670 329 fi
691 275 814 328 forte
848 276 1021 343 (quod,
1037 275 1253 327 audivifle
1278 276 1479 344 videris)

416 342 627 409 Quando
653 343 790 396 beare
803 343 888 394 'suo
909 338 1098 396 voluere
1119 343 1201 396 has
1222 344 1440 395 Numine
1461 361 1627 402 terras,
1988 404 1991 405 ⁷
2058 386 2068 405 .-

416 418 644 468 Humana
667 413 1159 479 AUSTRJADLIM
1174 413 1233 463 in*
1248 412 1445 479 Superos
1459 406 1719 481 Pietasque,
1760 404 1981 484 Fidesque

415 480 643 535 Caelicolis
665 481 838 547 placuit
855 517 870 540 ‚
904 480 1128 531 nondum
1151 495 1249 531 tam
1271 478 1461 531 barbara
1482 498 1675 533 morem

416 550 636 602 Dedidici
660 550 890 617 patrium3
914 549 1090 616 patuit,
1110 546 1385 616 semperque
1406 547 1587 617 patebit

412 617 636 685 Hospitio
657 611 834 669 Divum
859 617 1117 668 DOMUS
1132 616 1449 670 ALISTRIA
1457 632 1473 675 ς
1496 617 1648 671 vivito
1667 629 1872 672 mecum·
1972 665 1974 667 ,

413 687 597 754 Hospes
610 722 624 744 ‚
649 689 700 737 ὅ(
721 685 927 754 imperijs
948 695 1148 737 mecum‘
1168 685 1282 737 dato
1299 689 1398 754 jura
1417 687 1631 753 paternis.

412 756 505 807 Sed
526 752 640 805 Tibi
661 754 793 822 quod
815 771 995 804 nomen
1014 757 1030 803 ?
1050 754 1074 820 (
1094 752 1233 806 liceat
1254 749 1498 823 quaesisse)
1518 754 1687 810 videris

413 824 534 876 Non
554 823 716 891 ignota
739 822 853 873 meis
874 821 1042 889 hospes
1063 821 1311 874 succedere
1330 823 1518 891 Regnis.

410 893 513 943 Aut
534 891 657 949 vidi,
680 906 761 941 aut
787 888 942 941 vidiffe
966 905 1103 958 put0.
1139 890 1333 949 Vidisse,
1353 891 1543 959 reponit

410 960 559 1028 Virgo
575 995 588 1018 ,
608 976 670 1010 ne
689 955 877 1018 dubita3
903 977 1005 1010 non
1025 958 1111 1009 TE
1130 957 1298 1011 delusit:
1314 960 1485 1027 imago,

409 1027 489 1080 llla
510 1045 602 1095 ego
621 1027 903 1078 Teutonicae
922 1044 1024 1077 non
1049 1025 1213 1079 infima
1235 1027 1381 1096 gloria
1400 1026 1552 1096 gentis

409 1097 579 1149 Sancta
603 1092 761 1152 Fides,
786 1095 926 1146 invisa
947 1094 1050 1153 illis,
1071 1091 1202 1164 queis
1224 1114 1415 1148 cernere
1436 1097 1614 1149 durum
1638 1095 1731 1155 est,

409 1164 824 1217 AHSTRIACJS
839 1163 1028 1215 tantum
1049 1165 1239 1217 faveant
1295 1166 1390 1217 uod
1410 1165 1502 1216 fata
1529 1166 1728 1216 coronis.

408 1235 543 1286 Hinc
563 1250 779 1301 premor:
795 1231 897 1284 haec
917 1231 1050 1284 causa
1072 1232 1187 1300 exilij
1203 1235 1271 1284 mi
1288 1236 1323 1285 1i
1344 1234 1479 1286 suasit
1499 1234 1557 1285 ad
1578 1251 1682 1286 oras

374 1319 377 1321 ·
407 1303 532 1354 Diva
556 1303 714 1353 venire
734 1300 889 1357 Tuas:
914 1296 994 1352 hic
1020 1300 1218 1354 firmum
1240 1301 1383 1369 figere
1407 1304 1658 1371 Regnum,

408 1371 581 1421 Virtuti
604 1371 778 1421 datur:
799 1369 902 1420 haec
925 1371 1073 1421 Divos
1095 1386 1261 1422 manet
1280 1370 1463 1438 hospita
1483 1371 1628 1423 tellus.

405 1440 482 1491 Sic
503 1457 611 1507 age,
636 1438 865 1490 Caessireos
889 1440 1048 1489 Mater
1070 1439 1215 1491 visura
1240 1439 1470 1507 Nepotes.

405 1508 483 1560 Sic
501 1509 644 1558 Pietas
658 1545 673 1565 ,
695 1506 758 1558 sic
780 1506 935 1558 sancta
960 1507 1112 1565 Fides,
1132 1506 1196 1559 sic
1216 1509 1414 1560 candida
1433 1509 1580 1560 virtus

406 1577 476 1628 Sit
497 1576 641 1627 cordi.
695 1575 771 1626 Sic
788 1576 1229 1627 AHS‘TRJACAS
1241 1576 1405 1643 procul
1427 1577 1591 1628 ultima
1611 1573 1774 1629 Thule

404 1646 608 1704 Audiet,
631 1646 683 1695 &
703 1644 854 1711 patrio
880 1642 1112 1696 resonabit
1133 1646 1340 1696 carmine
1365 1645 1533 1696 laudes.

405 1715 541 1765 Novi
564 1730 653 1781 ego
667 1713 688 1779 (
700 1712 778 1763 sed
803 1713 1030 1764 nondum
1053 1715 1224 1766 secreta
1242 1712 1464 1766 resolvere
1483 1714 1549 1773 fas
1570 1711 1674 1779 est)

405 1785 529 1840 Quae
552 1796 684 1848 grato
708 1782 942 1832 mittenda
964 1781 1076 1849 polo
1099 1779 1183 1833 tibi
1205 1781 1298 1833 fata
1317 1798 1547 1850 parentur.

404 1851 520 1901 Hoc
547 1867 729 1907 unum,
751 1849 848 1900 hoc
870 1868 1072 1902 moneo:
1095 1851 1287 1902 monitis
1307 1868 1369 1902 ne
1391 1852 1530 1902 crede
1552 1847 1748 1906 finistriS.

403 1919 450 1969 Si
467 1918 581 1968 Tibi
605 1919 686 1986 qui
708 1917 858 1969 fraudi
876 1919 1069 1971 suadent
1089 1936 1332 1971 occurrere
1353 1919 1516 1972 fraude
1529 1956 1544 1977 ‚

400 1982 581 2054 Parque
601 1986 769 2038 referre
789 1987 908 2054 pari,
943 1988 1006 2038 sta
1028 2007 1128 2039 non
1151 1990 1391 2055 perterrita
1414 1988 1573 2058 pactis.

401 2056 480 2107 Da
503 2055 629 2107 fidei
654 2056 835 2123 Regina
856 2054 1016 2108 fidem.
1052 2059 1140 2108 Me
1162 2057 1328 2122 Regna
1346 2057 1618 2126 sequuntur.

403 2124 506 2182 Te,
529 2124 788 2175 meminisse
810 2140 969 2190 poteS,
989 2119 1119 2193 queis
1139 2124 1320 2176 circum
1340 2122 1579 2178 fraudibus
1599 2122 1760 2177 atstam

402 2193 607 2244 Callidus
631 2194 680 2243 in
705 2193 900 2244 structos
920 2194 1055 2245 caffes
1078 2194 1200 2262 pene
1219 2194 1407 2262 impulit
1432 2195 1599 2254 hostis,

402 2261 493 2314 Sed
517 2258 687 2329 quibus
705 2261 807 2313 haec
827 2261 931 2312 fatis
951 2260 1042 2313 fint
1066 2262 1157 2313 luia
1178 2263 1405 2330 pericula,
1430 2262 1565 2314 disce.

487 2332 577 2380 Vix
601 2345 682 2387 eat
703 2329 939 2381 continuo
960 2331 1008 2380 in
1033 2330 1187 2382 scenas
1210 2369 1225 2389 ,
1262 2330 1323 2382 sic
1338 2330 1482 2399 jussa,
1502 2329 1682 2384 recedit

401 2398 615 2465 Populeae
637 2398 788 2466 proles
809 2397 945 2466 sylvae
964 2437 977 2458 ,
1008 2392 1272 2467 speciesque
1300 2399 1471 2450 theatri

401 2467 558 2534 Surgit
572 2503 586 2526 ,
609 2469 657 2517 in
679 2467 1127 2519 HABSPURGOS
1140 2469 1264 2519 Fidei
1288 2467 1551 2519 exhibitura
1570 2466 1767 2518 favoreS.

400 2535 499 2586 Hic
522 2535 726 2603 primum
749 2536 1187 2587 AHSTRIACAS
1202 2537 1405 2588 ostentat
1420 2536 1556 2588 scena
1578 2550 1804 2593 coronas,

399 2604 489 2654 Seu
506 2605 687 2672 ,quibus
712 2605 1164 2656 ARCHIDUCEM
1189 2605 1354 2656 natalia
1379 2610 1473 2673 jura
1494 2605 1730 2656 dederunt

399 2673 629 2740 Effulgere
651 2672 948 2724 DOMHM
960 2711 977 2731 ,
1000 2672 1076 2723 seu
1100 2692 1212 2742 quas
1239 2674 1551 2742 superaddidit
1571 2688 1732 2742 aequus

396 2741 836 2800 ALISTRIACIS,
861 2757 979 2794 voto
997 2743 1130 2810 spem
1153 2761 1252 2793 non
1274 2742 1484 2802 fallente,
1503 2742 1696 2793 senatus

398 2811 623 2867 Quantus
645 2809 825 2861 honor!
849 2810 1025 2879 quanta
1047 2809 1089 2862 se
1103 2813 1344 2879 Majestate
1367 2812 1550 2864 videnti

399 2878 681 2929 Praesentant
705 2879 931 2930 Dominae
950 2879 1247 2931 Diademata!
1279 2895 1483 2949 quantus
1507 2881 1557 2931 in
1580 2877 1662 2930 illis

398 2945 583 3014 Magne
606 2945 772 2998 orbem
787 2948 913 3017 (jam
929 2965 1059 2999 nunc
1081 2951 1271 3016 tantus)
1293 2947 1679 3001 LEOPOLDE
1697 2943 1869 3009 beares,

397 3014 545 3066 Hanc
566 3015 642 3065 Te
665 3015 865 3082 pacifico
890 3017 1051 3083 Superi
1077 3015 1110 3067 si
1131 3019 1306 3069 vertice
1326 3017 1499 3069 sortem

397 3082 534 3133 Ferre
557 3082 740 3134 finant!
763 3084 895 3135 Hinc
917 3086 1022 3135 diva
1046 3085 1206 3136 favens
1229 3085 1389 3138 vinclo
1407 3085 1558 3153 alligat
1572 3102 1765 3145 aurum,

398 3151 751 3220 Caesareamque
773 3151 907 3203 fimul
922 3193 936 3210 ,
966 3147 1278 3223 Regumque,
1300 3153 1594 3222 Ducumque
1613 3156 1746 3206 tiaras

398 3218 594 3271 Foedere
615 3222 861 3288 conjunxit
884 3221 1049 3271 stabili:
1081 3238 1189 3273 tum
1209 3222 1362 3275 vincla
1376 3224 1598 3291 Regenti,

397 3287 496 3337 Dat
517 3290 770 3346 Dominae,
785 3283 1126 3358 monitumque
1146 3293 1345 3342 addens:
1369 3291 1470 3343 haze
1490 3290 1675 3344 vincula
1694 3290 1832 3348 serva,

398 3354 598 3413 Infit‚&
618 3358 824 3409 infaustae
845 3358 969 3408 Fidei
994 3358 1229 3410 servabere
1249 3359 1412 3411 vinclis

398 3423 520 3475 Haec
543 3427 721 3477 etenim
740 3427 1605 3498 AUSTRladCASstrvantstrvata
1624 3442 1827 3479 coronas.

794 3558 1769 3691 FINIS.
