<?xml version="1.0" encoding="UTF-8"?>
<!DOCTYPE html PUBLIC "-//W3C//DTD XHTML 1.0 Transitional//EN"
    "http://www.w3.org/TR/xhtml1/DTD/xhtml1-transitional.dtd">
<html xmlns="http://www.w3.org/1999/xhtml" xml:lang="en" lang="en">
 <head>
  <title>
</title>
<meta http-equiv="Content-Type" content="text/html;charset=utf-8" />
  <meta name='ocr-system' content='tesseract 3.04.00' />
  <meta name='ocr-capabilities' content='ocr_page ocr_carea ocr_par ocr_line ocrx_word'/>
</head>
<body>
  <div class='ocr_page' id='page_1' title='image "./regiavirtutumser00garz_0045.png"; bbox 0 0 2457 3961; ppageno 0'>
   <div class='ocr_carea' id='block_1_1' title="bbox 110 122 2226 247">
    <p class='ocr_par' dir='ltr' id='par_1_1' title="bbox 110 122 2226 247">
     <span class='ocr_line' id='line_1_1' title="bbox 110 122 2226 247; baseline -0.009 -2"><span class='ocrx_word' id='word_1_1' title='bbox 110 130 1005 247; x_wconf 79' lang='lat' dir='ltr'>RUDOLPHUS</span> <span class='ocrx_word' id='word_1_2' title='bbox 1021 130 1092 238; x_wconf 91' lang='lat' dir='ltr'>I.</span> <span class='ocrx_word' id='word_1_3' title='bbox 1118 125 1809 232; x_wconf 87' lang='lat' dir='ltr'>ALBERTO</span> <span class='ocrx_word' id='word_1_4' title='bbox 1835 122 2226 229; x_wconf 80' lang='lat' dir='ltr'><strong>FILIO,</strong></span> 
     </span>
    </p>
   </div>
   <div class='ocr_carea' id='block_1_2' title="bbox 223 251 2113 440">
    <p class='ocr_par' dir='ltr' id='par_1_2' title="bbox 223 251 2113 440">
     <span class='ocr_line' id='line_1_2' title="bbox 223 251 2113 352; baseline -0.009 1"><span class='ocrx_word' id='word_1_5' title='bbox 223 261 507 352; x_wconf 88' lang='lat' dir='ltr'>DUM</span> <span class='ocrx_word' id='word_1_6' title='bbox 570 258 835 346; x_wconf 85' lang='lat' dir='ltr'>EUM</span> <span class='ocrx_word' id='word_1_7' title='bbox 896 251 1486 340; x_wconf 70' lang='lat' dir='ltr'><em>AUS‘IRIAE</em></span> <span class='ocrx_word' id='word_1_8' title='bbox 1554 251 2113 350; x_wconf 63' lang='lat' dir='ltr'><em>PRAEFECOE</em></span> 
     </span>
     <span class='ocr_line' id='line_1_3' title="bbox 574 357 1796 440; baseline -0.007 0"><span class='ocrx_word' id='word_1_9' title='bbox 574 357 1169 440; x_wconf 72' lang='lat' dir='ltr'><em>CLEMENTIAM</em></span> <span class='ocrx_word' id='word_1_10' title='bbox 1229 364 1796 432; x_wconf 65' lang='lat' dir='ltr'><em>COMMENDAT</em></span> 
     </span>
    </p>
   </div>
   <div class='ocr_carea' id='block_1_3' title="bbox 443 514 604 682">
    <p class='ocr_par' dir='ltr' id='par_1_3' title="bbox 443 514 604 682">
     <span class='ocr_line' id='line_1_4' title="bbox 443 514 604 682; baseline 0 0"><span class='ocrx_word' id='word_1_11' title='bbox 443 514 604 682; x_wconf 95' lang='lat' dir='ltr'>  </span> 
     </span>
    </p>
   </div>
   <div class='ocr_carea' id='block_1_4' title="bbox 450 529 1859 3543">
    <p class='ocr_par' dir='ltr' id='par_1_4' title="bbox 455 529 1859 659">
     <span class='ocr_line' id='line_1_5' title="bbox 455 529 1859 659; baseline -0.004 -62"><span class='ocrx_word' id='word_1_12' title='bbox 455 540 594 659; x_wconf 23' lang='lat' dir='ltr'>*l</span> <span class='ocrx_word' id='word_1_13' title='bbox 610 582 627 606; x_wconf 88' lang='lat'>,</span> <span class='ocrx_word' id='word_1_14' title='bbox 649 562 749 615; x_wconf 90' lang='lat' dir='ltr'>quo</span> <span class='ocrx_word' id='word_1_15' title='bbox 770 545 895 594; x_wconf 87' lang='lat' dir='ltr'>Vota</span> <span class='ocrx_word' id='word_1_16' title='bbox 916 539 1059 593; x_wconf 86' lang='lat' dir='ltr'>Patris</span> <span class='ocrx_word' id='word_1_17' title='bbox 1080 542 1321 599; x_wconf 83' lang='lat' dir='ltr'>Gnatum,</span> <span class='ocrx_word' id='word_1_18' title='bbox 1338 529 1626 607; x_wconf 68' lang='lat' dir='ltr'>Septemque</span> <span class='ocrx_word' id='word_1_19' title='bbox 1636 539 1859 592; x_wconf 87' lang='lat' dir='ltr'>Virorum</span> 
     </span>
    </p>

    <p class='ocr_par' dir='ltr' id='par_1_5' title="bbox 462 604 1313 679">
     <span class='ocr_line' id='line_1_6' title="bbox 462 604 1313 679; baseline -0.008 -14"><span class='ocrx_word' id='word_1_20' title='bbox 462 604 600 677; x_wconf 47' lang='lat' dir='ltr'>*fif*</span> <span class='ocrx_word' id='word_1_21' title='bbox 711 615 921 679; x_wconf 78' lang='lat' dir='ltr'>Legant:</span> <span class='ocrx_word' id='word_1_22' title='bbox 941 608 1147 660; x_wconf 84' lang='lat' dir='ltr'>habenas</span> <span class='ocrx_word' id='word_1_23' title='bbox 1168 607 1313 673; x_wconf 81' lang='lat' dir='ltr'>dirige</span> 
     </span>
    </p>

    <p class='ocr_par' dir='ltr' id='par_1_6' title="bbox 450 673 1753 802">
     <span class='ocr_line' id='line_1_7' title="bbox 450 673 1753 743; baseline -0.012 -4"><span class='ocrx_word' id='word_1_24' title='bbox 450 680 840 740; x_wconf 79' lang='lat' dir='ltr'>AUSTRIACAE</span> <span class='ocrx_word' id='word_1_25' title='bbox 859 680 1040 731; x_wconf 77' lang='lat' dir='ltr'>Gentis,</span> <span class='ocrx_word' id='word_1_26' title='bbox 1075 675 1277 743; x_wconf 87' lang='lat' dir='ltr'>Populos</span> <span class='ocrx_word' id='word_1_27' title='bbox 1300 692 1349 725; x_wconf 90' lang='lat' dir='ltr'>es</span> <span class='ocrx_word' id='word_1_28' title='bbox 1369 674 1535 726; x_wconf 65' lang='lat' dir='ltr'>nactus</span> <span class='ocrx_word' id='word_1_29' title='bbox 1556 673 1753 727; x_wconf 85' lang='lat' dir='ltr'>amicos:</span> 
     </span>
     <span class='ocr_line' id='line_1_8' title="bbox 705 744 1392 802; baseline -0.01 -1"><span class='ocrx_word' id='word_1_30' title='bbox 705 752 935 802; x_wconf 85' lang='lat' dir='ltr'>Amorem</span> <span class='ocrx_word' id='word_1_31' title='bbox 948 746 1095 798; x_wconf 88' lang='lat' dir='ltr'>amori</span> <span class='ocrx_word' id='word_1_32' title='bbox 1106 744 1392 796; x_wconf 83' lang='lat' dir='ltr'>consecrant.</span> 
     </span>
    </p>

    <p class='ocr_par' dir='ltr' id='par_1_7' title="bbox 451 811 1828 950">
     <span class='ocr_line' id='line_1_9' title="bbox 451 811 1828 889; baseline -0.008 -13"><span class='ocrx_word' id='word_1_33' title='bbox 451 823 529 876; x_wconf 89' lang='lat' dir='ltr'>Sic</span> <span class='ocrx_word' id='word_1_34' title='bbox 548 837 687 889; x_wconf 85' lang='lat' dir='ltr'>rege:</span> <span class='ocrx_word' id='word_1_35' title='bbox 732 817 853 869; x_wconf 91' lang='lat' dir='ltr'>Non</span> <span class='ocrx_word' id='word_1_36' title='bbox 877 830 1095 867; x_wconf 86' lang='lat' dir='ltr'>metuant</span> <span class='ocrx_word' id='word_1_37' title='bbox 1115 813 1219 871; x_wconf 78' lang='lat' dir='ltr'>Te,</span> <span class='ocrx_word' id='word_1_38' title='bbox 1237 811 1316 863; x_wconf 90' lang='lat' dir='ltr'>sed</span> <span class='ocrx_word' id='word_1_39' title='bbox 1336 811 1410 863; x_wconf 92' lang='lat' dir='ltr'>fac</span> <span class='ocrx_word' id='word_1_40' title='bbox 1433 812 1559 871; x_wconf 86' lang='lat' dir='ltr'>Dux,</span> <span class='ocrx_word' id='word_1_41' title='bbox 1576 826 1630 863; x_wconf 92' lang='lat' dir='ltr'>ut</span> <span class='ocrx_word' id='word_1_42' title='bbox 1653 811 1828 865; x_wconf 77' lang='lat' dir='ltr'>ameris·</span> 
     </span>
     <span class='ocr_line' id='line_1_10' title="bbox 707 883 1350 950; baseline -0.009 -13"><span class='ocrx_word' id='word_1_43' title='bbox 707 886 874 937; x_wconf 89' lang='lat' dir='ltr'>Vultus</span> <span class='ocrx_word' id='word_1_44' title='bbox 896 885 1039 936; x_wconf 88' lang='lat' dir='ltr'>sereni</span> <span class='ocrx_word' id='word_1_45' title='bbox 1059 883 1350 950; x_wconf 86' lang='lat' dir='ltr'>Principem,</span> 
     </span>
    </p>

    <p class='ocr_par' dir='ltr' id='par_1_8' title="bbox 453 947 1707 1074">
     <span class='ocr_line' id='line_1_11' title="bbox 453 947 1707 1025; baseline -0.01 -13"><span class='ocrx_word' id='word_1_46' title='bbox 453 948 754 1025; x_wconf 66' lang='lat' dir='ltr'>innubesque</span> <span class='ocrx_word' id='word_1_47' title='bbox 777 954 919 1005; x_wconf 89' lang='lat' dir='ltr'>animi</span> <span class='ocrx_word' id='word_1_48' title='bbox 932 951 1299 1006; x_wconf 86' lang='lat' dir='ltr'>commendant.</span> <span class='ocrx_word' id='word_1_49' title='bbox 1335 950 1509 1001; x_wconf 86' lang='lat' dir='ltr'>Fronte</span> <span class='ocrx_word' id='word_1_50' title='bbox 1527 947 1707 1001; x_wconf 83' lang='lat' dir='ltr'>severus</span> 
     </span>
     <span class='ocr_line' id='line_1_12' title="bbox 707 1018 1340 1074; baseline -0.009 0"><span class='ocrx_word' id='word_1_51' title='bbox 707 1023 877 1074; x_wconf 80' lang='lat' dir='ltr'>Exosus</span> <span class='ocrx_word' id='word_1_52' title='bbox 897 1018 1133 1073; x_wconf 87' lang='lat' dir='ltr'>omnibus.</span> <span class='ocrx_word' id='word_1_53' title='bbox 1167 1020 1340 1071; x_wconf 86' lang='lat' dir='ltr'>Timor</span> 
     </span>
    </p>

    <p class='ocr_par' dir='ltr' id='par_1_9' title="bbox 454 1084 1686 1216">
     <span class='ocr_line' id='line_1_13' title="bbox 454 1084 1686 1164; baseline -0.011 -15"><span class='ocrx_word' id='word_1_54' title='bbox 454 1094 704 1164; x_wconf 73' lang='lat' dir='ltr'>Nusquam</span> <span class='ocrx_word' id='word_1_55' title='bbox 732 1093 874 1143; x_wconf 85' lang='lat' dir='ltr'>corda</span> <span class='ocrx_word' id='word_1_56' title='bbox 900 1090 983 1142; x_wconf 86' lang='lat' dir='ltr'>fibi</span> <span class='ocrx_word' id='word_1_57' title='bbox 1010 1089 1196 1140; x_wconf 82' lang='lat' dir='ltr'>strinxit.</span> <span class='ocrx_word' id='word_1_58' title='bbox 1231 1084 1496 1139; x_wconf 83' lang='lat' dir='ltr'>Fortiffima</span> <span class='ocrx_word' id='word_1_59' title='bbox 1516 1085 1686 1137; x_wconf 88' lang='lat' dir='ltr'>amoris</span> 
     </span>
     <span class='ocr_line' id='line_1_14' title="bbox 710 1157 1395 1216; baseline -0.007 -4"><span class='ocrx_word' id='word_1_60' title='bbox 710 1164 828 1212; x_wconf 78' lang='lat' dir='ltr'>Sunt</span> <span class='ocrx_word' id='word_1_61' title='bbox 850 1159 1028 1216; x_wconf 78' lang='lat' dir='ltr'>vincla3</span> <span class='ocrx_word' id='word_1_62' title='bbox 1047 1176 1170 1208; x_wconf 84' lang='lat' dir='ltr'>nexu</span> <span class='ocrx_word' id='word_1_63' title='bbox 1185 1157 1395 1208; x_wconf 89' lang='lat' dir='ltr'>subditos</span> 
     </span>
    </p>

    <p class='ocr_par' dir='ltr' id='par_1_10' title="bbox 456 1222 1812 1365">
     <span class='ocr_line' id='line_1_15' title="bbox 456 1222 1812 1304; baseline -0.011 -18"><span class='ocrx_word' id='word_1_64' title='bbox 456 1234 773 1304; x_wconf 76' lang='lat' dir='ltr'>conjungunt</span> <span class='ocrx_word' id='word_1_65' title='bbox 794 1230 1022 1279; x_wconf 80' lang='lat' dir='ltr'>Domino,</span> <span class='ocrx_word' id='word_1_66' title='bbox 1055 1228 1183 1294; x_wconf 83' lang='lat' dir='ltr'>Saepe</span> <span class='ocrx_word' id='word_1_67' title='bbox 1207 1226 1382 1276; x_wconf 77' lang='lat' dir='ltr'>obsunt</span> <span class='ocrx_word' id='word_1_68' title='bbox 1401 1223 1552 1275; x_wconf 86' lang='lat' dir='ltr'>frcena</span> <span class='ocrx_word' id='word_1_69' title='bbox 1572 1222 1779 1273; x_wconf 87' lang='lat' dir='ltr'>Timoris</span> <span class='ocrx_word' id='word_1_70' title='bbox 1794 1259 1812 1280; x_wconf 87' lang='lat'><em>,</em></span> 
     </span>
     <span class='ocr_line' id='line_1_16' title="bbox 712 1294 1542 1365; baseline -0.008 -16"><span class='ocrx_word' id='word_1_71' title='bbox 712 1296 940 1365; x_wconf 68' lang='lat' dir='ltr'>Laxantq3</span> <span class='ocrx_word' id='word_1_72' title='bbox 954 1333 966 1354; x_wconf 95' lang='lat'><em>‚</em></span> <span class='ocrx_word' id='word_1_73' title='bbox 985 1296 1178 1364; x_wconf 86' lang='lat' dir='ltr'>quando</span> <span class='ocrx_word' id='word_1_74' title='bbox 1196 1294 1542 1362; x_wconf 88' lang='lat' dir='ltr'>comprimunt.</span> 
     </span>
    </p>

    <p class='ocr_par' dir='ltr' id='par_1_11' title="bbox 457 1359 1848 1487">
     <span class='ocr_line' id='line_1_17' title="bbox 457 1359 1848 1438; baseline -0.011 -15"><span class='ocrx_word' id='word_1_75' title='bbox 457 1370 642 1438; x_wconf 69' lang='lat' dir='ltr'>Namc&#39;15</span> <span class='ocrx_word' id='word_1_76' title='bbox 658 1368 831 1419; x_wconf 86' lang='lat' dir='ltr'>Timor</span> <span class='ocrx_word' id='word_1_77' title='bbox 853 1365 1086 1416; x_wconf 87' lang='lat' dir='ltr'>dominari</span> <span class='ocrx_word' id='word_1_78' title='bbox 1107 1365 1270 1416; x_wconf 83' lang='lat' dir='ltr'>animis</span> <span class='ocrx_word' id='word_1_79' title='bbox 1293 1362 1424 1413; x_wconf 86' lang='lat' dir='ltr'>haud</span> <span class='ocrx_word' id='word_1_80' title='bbox 1446 1359 1601 1413; x_wconf 88' lang='lat' dir='ltr'>calluit</span> <span class='ocrx_word' id='word_1_81' title='bbox 1620 1375 1848 1428; x_wconf 86' lang='lat' dir='ltr'>unquam.</span> 
     </span>
     <span class='ocr_line' id='line_1_18' title="bbox 713 1429 1379 1487; baseline -0.008 -1"><span class='ocrx_word' id='word_1_82' title='bbox 713 1438 938 1487; x_wconf 85' lang='lat' dir='ltr'>Humana</span> <span class='ocrx_word' id='word_1_83' title='bbox 963 1450 1095 1483; x_wconf 87' lang='lat' dir='ltr'>mens</span> <span class='ocrx_word' id='word_1_84' title='bbox 1117 1432 1284 1483; x_wconf 86' lang='lat' dir='ltr'>fruitur</span> <span class='ocrx_word' id='word_1_85' title='bbox 1302 1429 1379 1482; x_wconf 88' lang='lat' dir='ltr'>sua</span> 
     </span>
    </p>

    <p class='ocr_par' dir='ltr' id='par_1_12' title="bbox 457 1496 1545 1638">
     <span class='ocr_line' id='line_1_19' title="bbox 457 1496 1545 1570; baseline -0.01 -12"><span class='ocrx_word' id='word_1_86' title='bbox 457 1501 706 1558; x_wconf 85' lang='lat' dir='ltr'>Libertate.</span> <span class='ocrx_word' id='word_1_87' title='bbox 750 1503 888 1554; x_wconf 80' lang='lat' dir='ltr'>Ultro</span> <span class='ocrx_word' id='word_1_88' title='bbox 913 1501 1125 1554; x_wconf 88' lang='lat' dir='ltr'>vinclum</span> <span class='ocrx_word' id='word_1_89' title='bbox 1147 1502 1350 1570; x_wconf 86' lang='lat' dir='ltr'>patietur</span> <span class='ocrx_word' id='word_1_90' title='bbox 1374 1496 1545 1549; x_wconf 87' lang='lat' dir='ltr'>amoris</span> 
     </span>
     <span class='ocr_line' id='line_1_20' title="bbox 713 1567 1386 1638; baseline -0.012 -13"><span class='ocrx_word' id='word_1_91' title='bbox 713 1572 980 1638; x_wconf 84' lang='lat' dir='ltr'>Benignius.</span> <span class='ocrx_word' id='word_1_92' title='bbox 1015 1571 1230 1637; x_wconf 85' lang='lat' dir='ltr'>Princeps</span> <span class='ocrx_word' id='word_1_93' title='bbox 1251 1567 1386 1620; x_wconf 87' lang='lat' dir='ltr'>miser</span> 
     </span>
    </p>

    <p class='ocr_par' dir='ltr' id='par_1_13' title="bbox 457 1629 1718 1778">
     <span class='ocr_line' id='line_1_21' title="bbox 457 1629 1718 1710; baseline -0.012 -13"><span class='ocrx_word' id='word_1_94' title='bbox 457 1648 621 1710; x_wconf 76' lang='lat' dir='ltr'>Qm</span> <span class='ocrx_word' id='word_1_95' title='bbox 639 1657 864 1694; x_wconf 87' lang='lat' dir='ltr'>metuunt</span> <span class='ocrx_word' id='word_1_96' title='bbox 886 1657 1034 1690; x_wconf 88' lang='lat' dir='ltr'>unum</span> <span class='ocrx_word' id='word_1_97' title='bbox 1059 1639 1217 1691; x_wconf 86' lang='lat' dir='ltr'>multi:</span> <span class='ocrx_word' id='word_1_98' title='bbox 1242 1655 1362 1705; x_wconf 90' lang='lat' dir='ltr'>quos</span> <span class='ocrx_word' id='word_1_99' title='bbox 1386 1635 1478 1705; x_wconf 91' lang='lat' dir='ltr'>ipse</span> <span class='ocrx_word' id='word_1_100' title='bbox 1499 1629 1718 1690; x_wconf 87' lang='lat' dir='ltr'>timebit,</span> 
     </span>
     <span class='ocr_line' id='line_1_22' title="bbox 711 1709 1331 1778; baseline -0.006 -17"><span class='ocrx_word' id='word_1_101' title='bbox 711 1710 875 1762; x_wconf 80' lang='lat' dir='ltr'>PlureS.</span> <span class='ocrx_word' id='word_1_102' title='bbox 911 1710 966 1759; x_wconf 90' lang='lat' dir='ltr'>In</span> <span class='ocrx_word' id='word_1_103' title='bbox 984 1709 1091 1759; x_wconf 87' lang='lat' dir='ltr'>odia</span> <span class='ocrx_word' id='word_1_104' title='bbox 1117 1723 1331 1778; x_wconf 87' lang='lat' dir='ltr'>proruet,</span> 
     </span>
    </p>

    <p class='ocr_par' dir='ltr' id='par_1_14' title="bbox 458 1768 1660 1914">
     <span class='ocr_line' id='line_1_23' title="bbox 458 1768 1660 1850; baseline -0.012 -16"><span class='ocrx_word' id='word_1_105' title='bbox 458 1774 782 1850; x_wconf 57' lang='lat' dir='ltr'>Vindichamc&#39;ss</span> <span class='ocrx_word' id='word_1_106' title='bbox 804 1795 1002 1847; x_wconf 83' lang='lat' dir='ltr'>querens</span> <span class='ocrx_word' id='word_1_107' title='bbox 1029 1776 1188 1846; x_wconf 85' lang='lat' dir='ltr'>vulgus</span> <span class='ocrx_word' id='word_1_108' title='bbox 1213 1777 1288 1827; x_wconf 89' lang='lat' dir='ltr'>sua</span> <span class='ocrx_word' id='word_1_109' title='bbox 1306 1774 1481 1827; x_wconf 84' lang='lat' dir='ltr'>funera.</span> <span class='ocrx_word' id='word_1_110' title='bbox 1518 1768 1660 1824; x_wconf 85' lang='lat' dir='ltr'>Cives</span> 
     </span>
     <span class='ocr_line' id='line_1_24' title="bbox 715 1847 1173 1914; baseline -0.009 -14"><span class='ocrx_word' id='word_1_111' title='bbox 715 1847 1004 1900; x_wconf 83' lang='lat' dir='ltr'>Crudelitate</span> <span class='ocrx_word' id='word_1_112' title='bbox 1025 1848 1173 1914; x_wconf 85' lang='lat' dir='ltr'>Regia</span> 
     </span>
    </p>

    <p class='ocr_par' dir='ltr' id='par_1_15' title="bbox 461 1910 1582 2037">
     <span class='ocr_line' id='line_1_25' title="bbox 461 1910 1582 1983; baseline -0.013 -11"><span class='ocrx_word' id='word_1_113' title='bbox 461 1917 681 1973; x_wconf 79' lang='lat' dir='ltr'>Adversis</span> <span class='ocrx_word' id='word_1_114' title='bbox 706 1916 805 1967; x_wconf 90' lang='lat' dir='ltr'>telis</span> <span class='ocrx_word' id='word_1_115' title='bbox 824 1914 1156 1983; x_wconf 75' lang='lat' dir='ltr'>glomerantur.</span> <span class='ocrx_word' id='word_1_116' title='bbox 1193 1912 1386 1964; x_wconf 89' lang='lat' dir='ltr'>Atrocia</span> <span class='ocrx_word' id='word_1_117' title='bbox 1414 1910 1582 1977; x_wconf 82' lang='lat' dir='ltr'>Regna</span> 
     </span>
     <span class='ocr_line' id='line_1_26' title="bbox 718 1983 1347 2037; baseline -0.013 0"><span class='ocrx_word' id='word_1_118' title='bbox 718 1987 837 2037; x_wconf 91' lang='lat' dir='ltr'>Non</span> <span class='ocrx_word' id='word_1_119' title='bbox 857 1983 1090 2034; x_wconf 88' lang='lat' dir='ltr'>sustinent.</span> <span class='ocrx_word' id='word_1_120' title='bbox 1128 1983 1347 2035; x_wconf 85' lang='lat' dir='ltr'>Atrocior</span> 
     </span>
    </p>

    <p class='ocr_par' dir='ltr' id='par_1_16' title="bbox 463 2047 1504 2174">
     <span class='ocr_line' id='line_1_27' title="bbox 463 2047 1504 2109; baseline -0.012 -1"><span class='ocrx_word' id='word_1_121' title='bbox 463 2054 690 2109; x_wconf 61' lang='lat' dir='ltr'>Pausaniae</span> <span class='ocrx_word' id='word_1_122' title='bbox 710 2053 864 2104; x_wconf 87' lang='lat' dir='ltr'>vultus</span> <span class='ocrx_word' id='word_1_123' title='bbox 888 2054 1012 2104; x_wconf 85' lang='lat' dir='ltr'>cives</span> <span class='ocrx_word' id='word_1_124' title='bbox 1035 2052 1295 2103; x_wconf 81' lang='lat' dir='ltr'>cumulavit</span> <span class='ocrx_word' id='word_1_125' title='bbox 1320 2047 1504 2104; x_wconf 71' lang='lat' dir='ltr'>Achais,</span> 
     </span>
     <span class='ocr_line' id='line_1_28' title="bbox 717 2121 1337 2174; baseline -0.008 -1"><span class='ocrx_word' id='word_1_126' title='bbox 717 2126 821 2174; x_wconf 87' lang='lat' dir='ltr'>Hos</span> <span class='ocrx_word' id='word_1_127' title='bbox 844 2121 1023 2172; x_wconf 89' lang='lat' dir='ltr'>milites.</span> <span class='ocrx_word' id='word_1_128' title='bbox 1059 2121 1337 2172; x_wconf 78' lang='lat' dir='ltr'>Clementia:</span> 
     </span>
    </p>

    <p class='ocr_par' dir='ltr' id='par_1_17' title="bbox 462 2183 1600 2328">
     <span class='ocr_line' id='line_1_29' title="bbox 462 2183 1600 2263; baseline -0.013 -17"><span class='ocrx_word' id='word_1_129' title='bbox 462 2195 589 2263; x_wconf 86' lang='lat' dir='ltr'>Saepe</span> <span class='ocrx_word' id='word_1_130' title='bbox 614 2191 724 2244; x_wconf 87' lang='lat' dir='ltr'>illud</span> <span class='ocrx_word' id='word_1_131' title='bbox 750 2191 895 2242; x_wconf 87' lang='lat' dir='ltr'>suavis</span> <span class='ocrx_word' id='word_1_132' title='bbox 916 2192 1091 2259; x_wconf 77' lang='lat' dir='ltr'>peragit</span> <span class='ocrx_word' id='word_1_133' title='bbox 1114 2187 1354 2257; x_wconf 86' lang='lat' dir='ltr'>tranquilla</span> <span class='ocrx_word' id='word_1_134' title='bbox 1376 2183 1600 2253; x_wconf 86' lang='lat' dir='ltr'>potestas,</span> 
     </span>
     <span class='ocr_line' id='line_1_30' title="bbox 719 2256 1464 2328; baseline -0.011 -18"><span class='ocrx_word' id='word_1_135' title='bbox 719 2260 935 2311; x_wconf 86' lang='lat' dir='ltr'>Violenta</span> <span class='ocrx_word' id='word_1_136' title='bbox 959 2260 1090 2328; x_wconf 88' lang='lat' dir='ltr'>quod</span> <span class='ocrx_word' id='word_1_137' title='bbox 1116 2259 1267 2310; x_wconf 89' lang='lat' dir='ltr'>facere</span> <span class='ocrx_word' id='word_1_138' title='bbox 1287 2256 1464 2323; x_wconf 85' lang='lat' dir='ltr'>nequit.</span> 
     </span>
    </p>

    <p class='ocr_par' dir='ltr' id='par_1_18' title="bbox 462 2323 1603 2461">
     <span class='ocr_line' id='line_1_31' title="bbox 462 2323 1603 2399; baseline -0.011 -16"><span class='ocrx_word' id='word_1_139' title='bbox 462 2329 940 2399; x_wconf 70' lang='lat' dir='ltr'>Principisimperiosa</span> <span class='ocrx_word' id='word_1_140' title='bbox 964 2330 1094 2396; x_wconf 86' lang='lat' dir='ltr'>quies</span> <span class='ocrx_word' id='word_1_141' title='bbox 1117 2323 1445 2378; x_wconf 73' lang='lat' dir='ltr'>vehementius</span> <span class='ocrx_word' id='word_1_142' title='bbox 1468 2333 1603 2392; x_wconf 81' lang='lat' dir='ltr'>urget:</span> 
     </span>
     <span class='ocr_line' id='line_1_32' title="bbox 718 2398 1430 2461; baseline -0.008 -13"><span class='ocrx_word' id='word_1_143' title='bbox 718 2399 962 2448; x_wconf 82' lang='lat' dir='ltr'>Mandata.</span> <span class='ocrx_word' id='word_1_144' title='bbox 1000 2398 1207 2449; x_wconf 86' lang='lat' dir='ltr'>Devium</span> <span class='ocrx_word' id='word_1_145' title='bbox 1234 2411 1430 2461; x_wconf 85' lang='lat' dir='ltr'>gregem</span> 
     </span>
    </p>

    <p class='ocr_par' dir='ltr' id='par_1_19' title="bbox 466 2457 1610 2599">
     <span class='ocr_line' id='line_1_33' title="bbox 466 2457 1610 2532; baseline -0.011 -12"><span class='ocrx_word' id='word_1_146' title='bbox 466 2468 614 2520; x_wconf 86' lang='lat' dir='ltr'>Panos</span> <span class='ocrx_word' id='word_1_147' title='bbox 636 2465 771 2518; x_wconf 84' lang='lat' dir='ltr'>suave</span> <span class='ocrx_word' id='word_1_148' title='bbox 798 2465 941 2516; x_wconf 88' lang='lat' dir='ltr'>melos</span> <span class='ocrx_word' id='word_1_149' title='bbox 965 2467 1166 2519; x_wconf 82' lang='lat' dir='ltr'>mulcet:</span> <span class='ocrx_word' id='word_1_150' title='bbox 1190 2463 1408 2532; x_wconf 85' lang='lat' dir='ltr'>sylvestris</span> <span class='ocrx_word' id='word_1_151' title='bbox 1429 2457 1610 2511; x_wconf 87' lang='lat' dir='ltr'>arundo</span> 
     </span>
     <span class='ocr_line' id='line_1_34' title="bbox 722 2537 1325 2599; baseline -0.01 -14"><span class='ocrx_word' id='word_1_152' title='bbox 722 2537 782 2585; x_wconf 88' lang='lat' dir='ltr'>Et</span> <span class='ocrx_word' id='word_1_153' title='bbox 804 2550 1052 2599; x_wconf 87' lang='lat' dir='ltr'>evagantes</span> <span class='ocrx_word' id='word_1_154' title='bbox 1075 2547 1325 2584; x_wconf 87' lang='lat' dir='ltr'>convocat.</span> 
     </span>
    </p>

    <p class='ocr_par' dir='ltr' id='par_1_20' title="bbox 468 2599 1564 2737">
     <span class='ocr_line' id='line_1_35' title="bbox 468 2599 1564 2669; baseline -0.01 -13"><span class='ocrx_word' id='word_1_155' title='bbox 468 2603 652 2656; x_wconf 84' lang='lat' dir='ltr'>Alliciet</span> <span class='ocrx_word' id='word_1_156' title='bbox 676 2602 816 2653; x_wconf 85' lang='lat' dir='ltr'>facilis</span> <span class='ocrx_word' id='word_1_157' title='bbox 847 2603 1057 2669; x_wconf 60' lang='lat' dir='ltr'>porrecta</span> <span class='ocrx_word' id='word_1_158' title='bbox 1082 2602 1251 2652; x_wconf 88' lang='lat' dir='ltr'>fronde</span> <span class='ocrx_word' id='word_1_159' title='bbox 1271 2639 1286 2657; x_wconf 92' lang='lat'><em>,</em></span> <span class='ocrx_word' id='word_1_160' title='bbox 1316 2599 1564 2669; x_wconf 86' lang='lat' dir='ltr'>sequacem</span> 
     </span>
     <span class='ocr_line' id='line_1_36' title="bbox 725 2668 1294 2737; baseline -0.005 -15"><span class='ocrx_word' id='word_1_161' title='bbox 725 2674 782 2722; x_wconf 85' lang='lat' dir='ltr'>Et</span> <span class='ocrx_word' id='word_1_162' title='bbox 807 2668 970 2721; x_wconf 85' lang='lat' dir='ltr'>umbra</span> <span class='ocrx_word' id='word_1_163' title='bbox 995 2670 1083 2720; x_wconf 87' lang='lat' dir='ltr'>sola</span> <span class='ocrx_word' id='word_1_164' title='bbox 1109 2669 1294 2737; x_wconf 77' lang='lat' dir='ltr'>virgulae</span> 
     </span>
    </p>

    <p class='ocr_par' dir='ltr' id='par_1_21' title="bbox 468 2729 1696 2875">
     <span class='ocr_line' id='line_1_37' title="bbox 468 2729 1696 2808; baseline -0.006 -18"><span class='ocrx_word' id='word_1_165' title='bbox 468 2741 843 2807; x_wconf 64' lang='lat' dir='ltr'>Quadrupedem</span> <span class='ocrx_word' id='word_1_166' title='bbox 864 2740 1028 2790; x_wconf 86' lang='lat' dir='ltr'>reddet</span> <span class='ocrx_word' id='word_1_167' title='bbox 1052 2740 1211 2808; x_wconf 81' lang='lat' dir='ltr'>medijs</span> <span class='ocrx_word' id='word_1_168' title='bbox 1236 2740 1283 2788; x_wconf 90' lang='lat' dir='ltr'>in</span> <span class='ocrx_word' id='word_1_169' title='bbox 1306 2730 1535 2786; x_wconf 78' lang='lat' dir='ltr'>cursibus:</span> <span class='ocrx_word' id='word_1_170' title='bbox 1564 2729 1696 2783; x_wconf 86' lang='lat' dir='ltr'>illum</span> 
     </span>
     <span class='ocr_line' id='line_1_38' title="bbox 721 2808 1324 2875; baseline -0.007 -16"><span class='ocrx_word' id='word_1_171' title='bbox 721 2810 873 2859; x_wconf 82' lang='lat' dir='ltr'>AErata</span> <span class='ocrx_word' id='word_1_172' title='bbox 898 2808 998 2858; x_wconf 80' lang='lat' dir='ltr'>calx</span> <span class='ocrx_word' id='word_1_173' title='bbox 1014 2827 1113 2858; x_wconf 90' lang='lat' dir='ltr'>non</span> <span class='ocrx_word' id='word_1_174' title='bbox 1142 2821 1324 2875; x_wconf 84' lang='lat' dir='ltr'>urgeat3</span> 
     </span>
    </p>

    <p class='ocr_par' dir='ltr' id='par_1_22' title="bbox 472 2866 1642 3013">
     <span class='ocr_line' id='line_1_39' title="bbox 472 2866 1642 2944; baseline -0.004 -19"><span class='ocrx_word' id='word_1_175' title='bbox 472 2875 685 2926; x_wconf 82' lang='lat' dir='ltr'>Vulneris</span> <span class='ocrx_word' id='word_1_176' title='bbox 712 2878 960 2942; x_wconf 83' lang='lat' dir='ltr'>impatiens</span> <span class='ocrx_word' id='word_1_177' title='bbox 981 2878 1239 2944; x_wconf 79' lang='lat' dir='ltr'>disrumpet</span> <span class='ocrx_word' id='word_1_178' title='bbox 1269 2874 1444 2928; x_wconf 86' lang='lat' dir='ltr'>froena,</span> <span class='ocrx_word' id='word_1_179' title='bbox 1469 2866 1642 2937; x_wconf 56' lang='lat' dir='ltr'>furetq3</span> 
     </span>
     <span class='ocr_line' id='line_1_40' title="bbox 726 2943 1307 3013; baseline -0.01 -18"><span class='ocrx_word' id='word_1_180' title='bbox 726 2947 915 3013; x_wconf 89' lang='lat' dir='ltr'>Campo</span> <span class='ocrx_word' id='word_1_181' title='bbox 948 2949 1125 3013; x_wconf 86' lang='lat' dir='ltr'>potitus</span> <span class='ocrx_word' id='word_1_182' title='bbox 1146 2943 1307 2995; x_wconf 90' lang='lat' dir='ltr'>obvio.</span> 
     </span>
    </p>

    <p class='ocr_par' dir='ltr' id='par_1_23' title="bbox 472 3005 1784 3150">
     <span class='ocr_line' id='line_1_41' title="bbox 472 3005 1784 3080; baseline -0.008 -17"><span class='ocrx_word' id='word_1_183' title='bbox 472 3013 676 3080; x_wconf 74' lang='lat' dir='ltr'>ingemit</span> <span class='ocrx_word' id='word_1_184' title='bbox 697 3031 846 3063; x_wconf 86' lang='lat' dir='ltr'>omne</span> <span class='ocrx_word' id='word_1_185' title='bbox 869 3033 1063 3072; x_wconf 74' lang='lat' dir='ltr'>nemuS,</span> <span class='ocrx_word' id='word_1_186' title='bbox 1090 3009 1351 3079; x_wconf 61' lang='lat' dir='ltr'>completcss</span> <span class='ocrx_word' id='word_1_187' title='bbox 1371 3005 1616 3060; x_wconf 87' lang='lat' dir='ltr'>ululatibus</span> <span class='ocrx_word' id='word_1_188' title='bbox 1632 3021 1784 3061; x_wconf 82' lang='lat' dir='ltr'>auras,</span> 
     </span>
     <span class='ocr_line' id='line_1_42' title="bbox 726 3081 1355 3150; baseline -0.002 -20"><span class='ocrx_word' id='word_1_189' title='bbox 726 3083 886 3131; x_wconf 85' lang='lat' dir='ltr'>Boreae</span> <span class='ocrx_word' id='word_1_190' title='bbox 911 3084 1115 3150; x_wconf 86' lang='lat' dir='ltr'>impetus</span> <span class='ocrx_word' id='word_1_191' title='bbox 1138 3082 1168 3131; x_wconf 78' lang='lat' dir='ltr'>si</span> <span class='ocrx_word' id='word_1_192' title='bbox 1190 3081 1355 3134; x_wconf 71' lang='lat' dir='ltr'>saeviat.</span> 
     </span>
    </p>

    <p class='ocr_par' dir='ltr' id='par_1_24' title="bbox 474 3144 1476 3290">
     <span class='ocr_line' id='line_1_43' title="bbox 474 3144 1476 3217; baseline -0.006 -15"><span class='ocrx_word' id='word_1_193' title='bbox 474 3149 711 3217; x_wconf 84' lang='lat' dir='ltr'>Hispidior</span> <span class='ocrx_word' id='word_1_194' title='bbox 734 3167 901 3202; x_wconf 88' lang='lat' dir='ltr'>ventus</span> <span class='ocrx_word' id='word_1_195' title='bbox 928 3149 1136 3202; x_wconf 85' lang='lat' dir='ltr'>nudabit·</span> <span class='ocrx_word' id='word_1_196' title='bbox 1150 3150 1288 3200; x_wconf 87' lang='lat' dir='ltr'>lintea</span> <span class='ocrx_word' id='word_1_197' title='bbox 1320 3144 1476 3204; x_wconf 85' lang='lat' dir='ltr'>malo,</span> 
     </span>
     <span class='ocr_line' id='line_1_44' title="bbox 729 3212 1397 3290; baseline 0.001 -22"><span class='ocrx_word' id='word_1_198' title='bbox 729 3212 930 3290; x_wconf 70' lang='lat' dir='ltr'>Arborc&#39;13</span> <span class='ocrx_word' id='word_1_199' title='bbox 953 3219 1142 3287; x_wconf 84' lang='lat' dir='ltr'>planget</span> <span class='ocrx_word' id='word_1_200' title='bbox 1162 3217 1397 3283; x_wconf 75' lang='lat' dir='ltr'>naufraga.</span> 
     </span>
    </p>

    <p class='ocr_par' dir='ltr' id='par_1_25' title="bbox 477 3283 1496 3423">
     <span class='ocr_line' id='line_1_45' title="bbox 477 3283 1496 3351; baseline -0.006 -14"><span class='ocrx_word' id='word_1_201' title='bbox 477 3287 646 3337; x_wconf 80' lang='lat' dir='ltr'>Mitior</span> <span class='ocrx_word' id='word_1_202' title='bbox 670 3305 776 3336; x_wconf 88' lang='lat' dir='ltr'>aura</span> <span class='ocrx_word' id='word_1_203' title='bbox 801 3305 907 3339; x_wconf 85' lang='lat' dir='ltr'>veni</span> <span class='ocrx_word' id='word_1_204' title='bbox 923 3325 936 3344; x_wconf 85' lang='lat'>‚</span> <span class='ocrx_word' id='word_1_205' title='bbox 964 3288 1121 3338; x_wconf 85' lang='lat' dir='ltr'>leviori</span> <span class='ocrx_word' id='word_1_206' title='bbox 1142 3286 1332 3337; x_wconf 84' lang='lat' dir='ltr'>flamine</span> <span class='ocrx_word' id='word_1_207' title='bbox 1357 3283 1496 3351; x_wconf 85' lang='lat' dir='ltr'>spira;</span> 
     </span>
     <span class='ocr_line' id='line_1_46' title="bbox 729 3355 1389 3423; baseline 0.002 -18"><span class='ocrx_word' id='word_1_208' title='bbox 729 3355 1002 3423; x_wconf 82' lang='lat' dir='ltr'>Tranquilla</span> <span class='ocrx_word' id='word_1_209' title='bbox 1027 3357 1165 3406; x_wconf 88' lang='lat' dir='ltr'>maria</span> <span class='ocrx_word' id='word_1_210' title='bbox 1195 3355 1389 3407; x_wconf 85' lang='lat' dir='ltr'>rideant.</span> 
     </span>
    </p>

    <p class='ocr_par' dir='ltr' id='par_1_26' title="bbox 478 3419 1598 3491">
     <span class='ocr_line' id='line_1_47' title="bbox 478 3419 1598 3491; baseline -0.006 -17"><span class='ocrx_word' id='word_1_211' title='bbox 478 3422 725 3476; x_wconf 81' lang='lat' dir='ltr'>Foecundo</span> <span class='ocrx_word' id='word_1_212' title='bbox 758 3423 982 3491; x_wconf 87' lang='lat' dir='ltr'>Zephyro</span> <span class='ocrx_word' id='word_1_213' title='bbox 1005 3424 1151 3490; x_wconf 82' lang='lat' dir='ltr'>plenae</span> <span class='ocrx_word' id='word_1_214' title='bbox 1171 3423 1412 3474; x_wconf 81' lang='lat' dir='ltr'>vibrantur</span> <span class='ocrx_word' id='word_1_215' title='bbox 1431 3419 1598 3476; x_wconf 84' lang='lat' dir='ltr'>aristae,</span> 
     </span>
    </p>

    <p class='ocr_par' dir='ltr' id='par_1_27' title="bbox 732 3489 1339 3543">
     <span class='ocr_line' id='line_1_48' title="bbox 732 3489 1339 3543; baseline -0.003 -1"><span class='ocrx_word' id='word_1_216' title='bbox 732 3492 792 3542; x_wconf 86' lang='lat' dir='ltr'>Et</span> <span class='ocrx_word' id='word_1_217' title='bbox 817 3491 916 3543; x_wconf 83' lang='lat' dir='ltr'>vela</span> <span class='ocrx_word' id='word_1_218' title='bbox 938 3491 1079 3543; x_wconf 75' lang='lat' dir='ltr'>fausta</span> <span class='ocrx_word' id='word_1_219' title='bbox 1103 3489 1339 3542; x_wconf 83' lang='lat' dir='ltr'>mercibus</span> 
     </span>
    </p>
   </div>
   <div class='ocr_carea' id='block_1_5' title="bbox 1108 3556 2260 3637">
    <p class='ocr_par' dir='ltr' id='par_1_28' title="bbox 1108 3556 2260 3637">
     <span class='ocr_line' id='line_1_49' title="bbox 1108 3556 2260 3637; baseline -0.014 -16"><span class='ocrx_word' id='word_1_220' title='bbox 1108 3573 1154 3621; x_wconf 84' lang='lat' dir='ltr'><strong>D</strong></span> <span class='ocrx_word' id='word_1_221' title='bbox 1184 3587 1210 3637; x_wconf 83' lang='lat'><em>3</em></span> <span class='ocrx_word' id='word_1_222' title='bbox 2081 3556 2260 3625; x_wconf 71' lang='lat' dir='ltr'>Equo-</span> 
     </span>
    </p>
   </div>
  </div>
 </body>
</html>
