2457 3961
245 206 379 277 supra
401 204 602 272 reliquos
625 201 839 253 eminens
861 198 1091 266 dignitate
1109 196 1169 251 ab
1190 198 1386 250 aliorum
1407 196 1586 268 legibus
1606 214 1853 269 exemptus
1879 202 1958 254 est.
2025 202 2374 273 Imperantibus

243 291 492 343 nunquam
510 287 677 328 metae,
694 269 875 337 semper
887 267 986 335 plus
1011 267 1126 320 ultra
1149 265 1321 336 gloria,
1345 270 1397 319 &
1419 267 1555 319 fama.
1591 268 1695 319 Plus
1707 268 2106 339 semperfamae,&
2123 273 2279 342 gloriae
2303 275 2378 326 in-

243 360 351 396 nata
363 340 592 409 exigentia
603 338 668 389 est
678 353 855 389 naturae
867 337 1152 405 Principum.
1219 334 1366 404 Julius
1378 334 1529 388 Caefiar
1539 336 1629 391 vis-{i
1650 337 1861 389 Gadibus
1874 337 2123 392 Alexandri
2141 343 2376 411 Imagine,

245 430 349 480 quae
362 407 576 461 Herculis
590 406 826 474 templum
838 404 1008 456 aemula
1016 406 1285 458 facinorum
1295 440 1309 462 ‚
1334 405 1386 455 &
1400 404 1555 472 gloriae
1566 405 1794 457 memoria
1804 405 2082 461 honestabat
2092 445 2106 468 ,
2127 426 2214 478 pro
2236 412 2376 462 indo-

244 480 295 531 lis
308 481 335 530 s
327 496 394 529 uae
405 475 679 529 celsitudine
691 472 1115 544 profundissimum
1124 474 1290 526 eximo
1301 472 1504 540 pectoris
1515 474 1687 526 duxiffe
1698 476 1934 543 gemitum
1943 477 2062 529 visus
2075 477 2161 528 est:
2189 478 2375 530 causam

242 563 448 616 rogatUS,
460 544 688 613 reposuit,
714 542 815 612 plus
826 543 990 611 supiria
1003 543 1148 612 quam
1167 538 1336 594 verba:
1370 542 1630 614 Ussestmo
1648 546 1794 594 aetatis
1816 562 1966 603 anne,
1985 563 2125 619 quem
2150 565 2230 618 ego
2249 565 2375 598 nunc

241 635 355 687 age,
379 609 978 666 Alexandertotumorbem
988 624 1228 663 terrarum
1221 606 1501 683 fitbegerat3
1533 610 1596 668 Εἴ
1608 609 1892 678 Babylonefe
1901 613 1956 664 in
1966 616 2118 665 otium
2128 613 2378 666 collocave-

242 698 348 736 rat:
374 683 475 754 Ego
489 679 604 733 verb
616 717 630 741 ,
651 693 761 732 ortu
772 682 1035 738 Romanus,
1043 677 1172 731 nihil
1176 682 1441 731 etiamnum
1453 698 1541 752 ago
1551 678 1849 732 memorabile
1858 717 1871 739 ,
1891 699 1984 755 quo
1996 683 2155 733 vivus
2158 681 2372 753 gloriam

241 749 865 817 merear‚mortuusfhmam
885 746 1167 822 relinquam.
1199 748 1284 816 (h)
1317 747 1484 800 Macte
1506 748 1722 814 Juvenis!
1746 748 1924 801 indoles
1944 766 2047 808 tua,
2080 751 2248 819 digna,
2269 769 2375 819 quae

241 821 467 888 imperet,
488 819 598 888 quia
623 818 957 886 Magnanima,
979 834 1027 869 te
1040 818 1098 868 ad
1124 816 1248 867 orbis
1271 815 1470 868 universi
1492 816 1763 884 supremum
1777 819 2015 886 fastigium
2029 818 2215 877 efferet,
2241 820 2374 888 quod

242 908 346 943 non
358 888 559 946 fortuna,
571 886 647 938 sed
659 887 832 939 virtute
847 886 1085 937 inscendes
1099 906 1111 945 3
1133 903 1198 943 nt,
1213 903 1357 954 quam
1374 886 1492 952 petis
1503 923 1520 943 ,
1543 885 1780 954 assequaris
1793 886 1929 938 famae
1950 887 2366 940 immortalitatem.

241 957 507 1029 Yraestamu
516 957 651 1016 viri,
672 957 856 1007 vivum
861 953 1045 1025 placere
1055 952 1200 1014 velle,
1218 966 1460 1007 mortuum
1471 955 1619 1006 etiam
1629 954 1835 1007 laudari.
1868 957 1937 1021 (i)

412 1093 457 1147 Si
471 1093 831 1165 Magnanimus
842 1092 884 1142 is
894 1088 1097 1143 videtur
1105 1128 1119 1151 ,
1141 1092 1245 1162 qui,
1258 1107 1368 1143 cum
1377 1089 1628 1162 magnisstt
1638 1089 1829 1164 dtgnus,
1839 1093 2024 1164 magnis
2045 1092 2278 1168 quoqf‘ſsft
2298 1092 2372 1144 di-

232 1181 389 1238 gnum
402 1163 481 1232 effi
494 1161 760 1230 existiman
791 1160 870 1227 (k)
904 1160 1144 1230 Dignitas
1154 1173 1315 1211 autem
1328 1157 1398 1211 ad
1403 1173 1598 1212 externa
1618 1156 1737 1212 bona
1758 1159 1968 1220 dicitur,
1990 1180 2196 1234 quorum
2214 1163 2373 1213 maxi-

241 1252 377 1285 mum
401 1230 460 1284 id
465 1230 858 1301 effestatueremm
866 1266 880 1289 ,
893 1227 1024 1301 quod
1030 1226 1118 1300 dus
1127 1223 1443 1280 attribuimus·
1454 1248 1468 1289 3
1488 1224 1657 1303 quo‘dg
1667 1226 1875 1281 maxime
1882 1241 2108 1301 appetunt
2119 1268 2136 1289 ,
2157 1231 2246 1304 qui
2257 1229 2377 1281 indi

275 1303 429 1353 nitate
442 1299 802 1420 confft'tutisunt
812 1337 829 1356 ,
848 1295 980 1370 quod
985 1300 1099 1349 item
1113 1292 1166 1348 ob
1178 1296 1429 1368 praclariss
1423 1299 1545 1349 imas
1557 1317 1629 1349 res
1640 1296 1752 1349 dari
1765 1310 2012 1368 praemtum
2028 1300 2293 1367 consuevit3
2315 1295 2376 1350 ab

235 1322 509 1436 {ujefinodi
549 1386 661 1419 onor
671 1366 731 1436 est
744 1387 756 1428 3
791 1366 851 1435 (l)
885 1366 1259 1435 Magnanimitas
1269 1366 1575 1434 praerogativa
1589 1367 1653 1418 est
1666 1367 1826 1434 magni
1850 1367 2083 1435 Principis.
2170 1369 2225 1417 ui
2243 1369 2372 1419 enim

240 1437 445 1493 Nobiles
438 1439 577 1507 stant,
601 1434 663 1494 Εἴ
673 1435 874 1493 divites,
894 1433 956 1492 &²
968 1438 1022 1486 in
1035 1434 1260 1502 Potestate
1271 1434 1532 1502 constituti,
1543 1435 1712 1487 honore
1724 1435 1778 1486 di
1809 1437 1866 1486 ni
1877 1433 2118 1487 habentur.
2136 1438 2233 1503 (m)
2258 1436 2375 1487 Non

240 1508 498 1576 sceptrum,
511 1509 562 1558 &
576 1523 770 1562 corona,
784 1504 861 1556 sed
874 1504 1019 1555 animi
1031 1504 1315 1571 magnitudo
1325 1503 1558 1572 Principes
1576 1503 1700 1555 facit.
1767 1453 2026 1555 {inistriore
2044 1504 2234 1559 fortuna
2247 1505 2378 1557 terris

240 1592 408 1628 exutus
421 1577 678 1643 Imperans,
692 1573 979 1640 Principatus
990 1571 1143 1624 amisit
1160 1609 1173 1632 ‚
1188 1591 1289 1624 non
1301 1572 1566 1642 Principem
1579 1609 1593 1632 ,
1615 1574 1696 1642 qui
1722 1573 2072 1641 Magnanimus.
2126 1573 2373 1625 Mithrida-

241 1661 310 1697 tes
322 1643 381 1696 ab
393 1646 597 1699 Eunone
610 1643 835 1694 Romano
849 1643 988 1693 Duce
999 1640 1124 1693 bello
1134 1657 1298 1709 captus
1309 1677 1324 1700 ,
1340 1640 1581 1694 victorem
1591 1639 1780 1694 acceffit
1791 1679 1808 1699 ,
1822 1640 1884 1693 fic
1895 1641 2015 1693 intre
2051 1640 2127 1693 ide
2138 1641 2347 1710 profatus
2359 1657 2375 1699 t

242 1710 570 1767 Mithridates
583 1707 728 1770 terrei,
747 1708 917 1785 mariq?
929 1711 1158 1762 Romanis
1179 1724 1263 1781 per
1272 1723 1345 1760 tot
1353 1728 1501 1761 annos
1520 1711 1729 1783 quesitus
1741 1749 1758 1768 ,
1832 1723 1937 1762 onte
1956 1659 2146 1777 cuffiam
2169 1723 2298 1761 utere
2318 1723 2376 1760 ut

239 1781 369 1835 voles
375 1778 503 1853 prole
513 1780 704 1852 Magni
716 1781 990 1831 Athemenis
1002 1818 1018 1837 ,
1041 1777 1170 1854 quod
1181 1774 1302 1829 mihi
1304 1772 1459 1846 folum
1470 1778 1610 1839 hostes
1620 1798 1713 1830 non
1730 1798 1762 1830 a
1797 1792 2021 1830 emerunt.
2056 1779 2137 1846 (n)
2171 1779 2291 1830 Vere
2306 1780 2375 1829 vir

241 1868 420 1919 magne
431 1888 447 1908 ,
470 1867 561 1901 nec
572 1865 620 1900 te
634 1848 719 1899 tibi
733 1849 1012 1899 ademerunt
1024 1869 1036 1909 3
1060 1849 1169 1916 quia
1180 1848 1324 1898 animi
1338 1847 1665 1915 magnitudine
1677 1866 1722 1899 es
1736 1849 1827 1900 sem
1836 1866 1915 1914 per
1925 1847 2068 1900 idem.
2102 1848 2276 1898 Vinciri
2291 1865 2373 1914 po-

241 1936 360 1972 teras
374 1919 537 1977 hostis,
562 1935 663 1969 non
678 1918 922 1986 princeps3
944 1917 1051 1986 quia
1072 1916 1201 1967 illum
1217 1916 1429 1984 potentia
1442 1953 1456 1975 ,
1469 1915 1600 1968 hunc
1615 1917 1982 1984 Magnanimitas
1997 1916 2136 1973 facit,
2159 1934 2263 1983 quae
2287 1916 2374 1967 tibi

239 1988 361 2039 adeo
377 1987 529 2038 libera.
599 1986 673 2038 Sic
685 2001 893 2037 extrema
907 1986 1030 2037 inter
1042 1985 1243 2053 pericula
1256 2023 1272 2042 ,
1293 1986 1394 2035 imo
1409 2001 1585 2037 mortes
1598 2021 1611 2043 ,
1626 2002 1693 2036 uti
1709 1987 1855 2052 prima
1867 1983 2065 2052 semper,
2093 1983 2156 2036 sic
2167 2001 2375 2038 extrema

238 2055 647 2124 Magnanimitatis
660 2073 769 2107 cura
782 2054 846 2105 est
858 2072 971 2106 vero
982 2055 1181 2121 Principi
1195 2076 1207 2115 ;
1229 2069 1282 2104 ut
1296 2053 1329 2104 fi
1346 2053 1528 2120 praefica
1538 2053 1600 2105 illi
1614 2053 1669 2106 fit
1679 2056 1897 2111 Fortuna,
1917 2053 2009 2122 ipse
2019 2052 2227 2105 tumulus
2239 2055 2286 2104 in
2298 2071 2375 2121 pe·

238 2143 388 2178 renne
399 2123 592 2192 affurgat
634 2123 756 2174 loriae
770 2123 1054 2190 trophaeum.
1123 2122 1270 2191 Julius
1283 2121 1433 2173 Caesar
1453 2124 1575 2174 inter
1596 2122 1981 2174 confodientium
2006 2121 2200 2175 vulnera
2220 2121 2375 2187 supre-

238 2213 373 2246 mam
384 2211 546 2245 curam
556 2141 723 2243 haffiuit
732 2189 907 2257 honeste
918 2190 1092 2242 cadere.
1128 2195 1335 2258 Magnus
1346 2191 1596 2259 Pompeius
1607 2227 1621 2249 ,
1632 2210 1730 2260 quo
1741 2193 1842 2242 viro
1854 2209 2004 2241 nemo
2017 2190 2099 2241 alia
2111 2193 2271 2241 omnia
2286 2192 2367 2242 mi-

238 2263 342 2322 nus,
355 2279 435 2313 aut
450 2261 644 2329 gloriam
658 2261 802 2328 magis
815 2262 1107 2327 concupivit,
1120 2260 1235 2311 dum
1249 2259 1454 2327 perfidiae
1471 2260 1667 2312 victima
1679 2260 1882 2318 cederet,
1892 2259 2010 2310 dum
2027 2258 2228 2316 caderet,
2239 2258 2374 2327 pallio

237 2347 385 2401 caput
394 2328 610 2383 obvoluit
623 2351 636 2390 3
658 2348 720 2381 ne
738 2331 934 2397 gemitu,
949 2344 1030 2380 aut
1039 2346 1161 2380 voce
1173 2330 1314 2380 trium
1353 2329 1438 2379 hos
1451 2329 1551 2381 suos
1566 2330 1926 2382 contaminaret.
1958 2329 2047 2380 His
2059 2328 2166 2382 vere
2177 2327 2269 2379 fuit

579 2398 847 2451 Hortatrt‘x
864 2396 1067 2467 animost
1073 2398 1236 2470 gloria
1248 2401 1310 2449 let
1342 2399 1374 2449 i.
1410 2398 1488 2465 (o)

408 2534 536 2587 Inter
550 2553 706 2588 rerum
716 2534 978 2587 discrimina
1001 2533 1156 2604 gloriae
1177 2533 1446 2604 periculum
1468 2553 1569 2586 non
1580 2531 1731 2586 subire
1759 2534 2054 2602 Magnorum
2068 2534 2161 2596 est3
2185 2533 2285 2584 imo
2305 2530 2375 2584 ul-

239 2604 315 2657 tro
325 2605 420 2656 hoc
433 2606 740 2674 quaerendum
755 2626 768 2666 3
788 2621 841 2655 ut
855 2605 1090 2655 honorem
1105 2605 1361 2656 inveniant.
1402 2602 1569 2657 Virtus
1579 2600 1852 2655 durioribm
1863 2606 2054 2675 negottjs
2066 2601 2289 2671 eniteſsit,
2310 2597 2374 2658 Εἴ

239 2694 270 2725 a
326 2688 522 2725 eruatur
541 2672 771 2725 declivem
776 2671 1104 2743 facilitatem,
1123 2667 1817 2744 maximo'quesudorearduum
1832 2669 1985 2724 laudis
1996 2669 2253 2722 adnititur.
2293 2671 2375 2737 (p)

236 2744 282 2794 Si
301 2760 357 2793 ex
383 2743 600 2793 innatum
621 2741 703 2792 sibi
728 2743 892 2809 ignem
904 2760 1003 2792 non
1025 2743 1193 2800 exerit,
1216 2741 1300 2792 nisi
1320 2740 1520 2807 chalybe
1541 2741 1796 2809 percussus:
1819 2739 1975 2810 neque
1998 2758 2170 2807 magna
2194 2738 2374 2789 indoles

238 2813 466 2862 virtutem
481 2809 706 2878 explicat,
727 2810 810 2861 nisi
833 2809 1031 2861 adversis
1055 2811 1310 2878 exagitata3
1335 2826 1447 2860 tum
1473 2808 1515 2859 se
1538 2825 1619 2860 aut
1642 2810 1963 2878 Imperantem
1987 2809 2183 2877 probat,
2207 2823 2288 2858 aut
2305 2807 2375 2856 di-

237 2897 402 2949 gnam,
417 2897 520 2946 quae
539 2881 752 2947 imperet.
792 2881 919 2929 Mars
931 2878 1002 2930 ille
1016 2881 1277 2930 Austriacus
1301 2879 1610 2929 CAROLUS
1632 2879 1687 2928 V.
1707 2879 1866 2929 aeterni
1891 2877 2098 2929 nominis
2124 2876 2370 2942 Princeps,

236 2949 353 3000 cum
372 2947 604 3015 explicato
618 2948 677 2997 ad
691 2949 944 2998 Tunetum
956 2948 1163 2998 exercitu
1183 2949 1206 2997 ἐι
1225 2943 1466 2998 fidioribus
1483 2964 1755 2998 moneretur
1767 2948 1827 2997 de
1843 2947 2055 2997 hostium
2071 2943 2375 2996 multitudine

237 3016 382 3085 longe
395 3016 640 3084 superiori,
662 3017 991 3084 magnanimus
1013 3018 1228 3083 excepit:
1263 3014 1423 3067 Plures
1442 3016 1703 3066 vincemus.
1750 3016 1878 3066 Vicit
1899 3014 2050 3083 plures
2064 3052 2079 3072 ,
2100 3012 2202 3081 plus
2226 3013 2372 3062 animi

237 3086 568 3155 magnitudine
581 3121 595 3142 ,
621 3085 771 3152 quarn
787 3082 1063 3136 bellatorum
1077 3087 1272 3146 robore;
1294 3083 1415 3135 sacili
1429 3084 1648 3135 victoria:
1669 3084 1899 3152 siquidem
1896 3081 2085 3153 facilia
2108 3099 2166 3134 ex
2185 3078 2375 3151 defficilss

237 3153 371 3209 limis
390 3156 549 3207 animi
567 3151 896 3225 mugnitt'tudo
888 3154 1037 3225 facit.
1075 3154 1155 3222 (q)

578 3220 846 3292 Explorant
866 3221 1073 3287 adverffi
1093 3224 1230 3274 viros
1243 3259 1260 3280 ,
1279 3218 1456 3293 pe'rque
1480 3222 1648 3298 aspera
1675 3220 1795 3272 duro

578 3291 792 3344 Nititur
811 3290 880 3342 ad
895 3289 1083 3343 laudem
1110 3294 1279 3345 virtus
1297 3291 1526 3342 interrita
1551 3287 1692 3342 clivo.
1733 3292 1799 3356 (r)

407 3425 544 3481 Nihil
557 3427 649 3486 est,
669 3427 747 3479 cui
770 3443 935 3479 natura
952 3427 1056 3479 suos
1079 3445 1181 3479 non
1204 3425 1468 3496 congenuit
1489 3427 1723 3496 appetitus
1740 3463 1754 3485 ‚
1783 3423 1955 3495 quibus
1973 3420 2109 3476 avide
2129 3421 2343 3490 arripitur
2356 3459 2372 3479 ,

237 3496 472 3567 quidquid
483 3494 566 3547 fibi
583 3494 768 3548 bonum
781 3498 999 3553 creditur.
1030 3497 1230 3564 Principi
1245 3495 1511 3564 appetitum
1522 3497 1677 3565 gloriae
1687 3497 1904 3546 innatum
1916 3490 2068 3542 voluit
2081 3512 2095 3553 ς
2108 3506 2162 3542 ut
2171 3507 2286 3558 gran
2295 3491 2371 3540 dia

236 3568 420 3636 semper
429 3580 616 3634 expetat
624 3603 642 3626 ,
659 3564 841 3635 semper
853 3580 1029 3635 quaerat
1038 3601 1054 3626 ‚
1073 3568 1125 3619 &
1135 3565 1217 3617 ubi
1231 3564 1312 3617 ubi
1324 3564 1478 3633 potest
1488 3599 1503 3623 ‚
1523 3563 1656 3620 velut
1667 3563 1907 3634 propriam
1918 3557 2004 3613 fibi
2012 3559 2165 3613 escam
2174 3556 2376 3674 avidiffi}

2267 3644 2354 3679 mu
