2457 3961
560 112 629 160 Ut
658 106 804 162 debet
828 106 915 161 elle
933 108 1229 180 Principum,
1250 113 1303 167 δι
1324 114 1515 186 Regum
1537 117 1705 181 Notat

812 177 1004 230 Devota
1034 179 1098 232 sic
1118 182 1393 244 Prudentia,

555 243 617 298 Et
644 243 737 309 sola
757 245 914 296 Primo
935 245 1102 301 debuit
1124 249 1222 302 fieri
1246 266 1388 310 nota,

809 314 920 375 Qui
941 319 1213 371 terminaret
1237 318 1450 382 Arbitra'i‘,

553 374 840 453 Qioscunc'p
862 381 997 436 lentis
1020 388 1096 438 seu
1119 387 1252 438 domi
1274 405 1433 441 motus
1455 390 1540 444 diu

811 454 1003 504 Armata
1025 456 1155 507 coxit
1184 455 1423 509 fraudibus

548 516 773 580 Perfidia;
799 518 876 571 seu
902 540 1015 591 quas
1039 524 1193 643 patriff's
1220 523 1361 592 pleno
1380 527 1569 596 impetu

801 588 977 656 Regnis
1001 609 1147 659 proce
1164 592 1224 643 las
1243 593 1506 648 Thracicus

547 652 730 707 Infudit
756 656 898 708 aestus.
968 659 1066 726 Ipsa
1096 662 1287 714 Laetitiae
1310 662 1393 715 suo

806 726 934 778 Vena
957 726 1138 783 aruiffet
1158 729 1294 782 alveo

549 788 757 852 Wenna‚
779 811 931 861 nuper
955 795 1149 862 quando
1172 799 1394 867 Threjcia
1411 799 1594 856 aenedm

805 862 881 913 Bis
908 864 1030 916 mille
1053 865 1182 918 foeta
1206 867 1413 920 Barbaris

542 926 741 997 Depluit
763 930 812 981 in
837 930 991 1014 ipsum
1017 936 1293 1002 grandinem
1318 935 1470 990 nubes
1493 937 1679 1004 finum

796 999 863 1050 Ni
886 999 959 1052 vel
982 1019 1063 1069 per
1085 1003 1175 1071 ipsa
1198 1004 1444 1057 Bistonum

541 1063 736 1118 Calcata
760 1084 964 1135 praeceps
986 1073 1148 1121 funera
1170 1073 1381 1140 gradiens
1398 1074 1527 1128 viam

793 1136 946 1187 Certa:
967 1140 1024 1189 ad
1048 1138 1196 1191 fiilutis
1215 1143 1473 1194 anchoram

542 1197 792 1255 Prudentia
816 1204 946 1262 Tua,
970 1208 1055 1257 Ma
1092 1227 1150 1260 ne
1172 1210 1550 1264 LEOPOLDE!
1586 1211 1726 1268 inviae

745 1324 748 1327 .
795 1273 983 1327 Fecisset
1004 1295 1056 1326 ur
1094 1279 1120 1329 i.
1190 1278 1376 1331 Scilicet

540 1337 690 1390 Nullo
716 1340 914 1393 Viennae
936 1345 1094 1396 Marte
1111 1349 1204 1414 jam
1228 1349 1361 1400 venit
1394 1348 1553 1410 Salus,

795 1409 906 1478 Spes
925 1412 1050 1464 nulla
1071 1413 1130 1465 ab
1157 1418 1297 1467 armis
1322 1416 1520 1469 fulserat.

542 1475 677 1537 Quid
695 1477 822 1529 enim
845 1479 994 1532 salutis
1014 1485 1168 1534 Marte
1189 1485 1418 1553 sperfifl‘eS,
1441 1485 1525 1539 ubi

795 1547 909 1599 Solis
934 1547 1019 1601 sub
1048 1555 1172 1602 unda
1194 1554 1420 1621 pilcibus‚

538 1608 720 1664 Avibus
739 1615 788 1665 in
817 1635 925 1667 aura
952 1618 1157 1673 liberum
1183 1622 1283 1673 solis
1309 1624 1397 1675 iter

792 1684 1040 1739 Reli&um
1063 1691 1121 1740 ad
1142 1689 1307 1742 urbem
1332 1696 1571 1744 cerneres?

537 1745 630 1800 Sed
649 1767 797 1818 quam
821 1756 1050 1823 negtirunt
1071 1777 1224 1817 arma,
1261 1761 1594 1813 LEOPOLDI
1613 1758 1745 1813 dedit

793 1822 1040 1876 Prudentia
1066 1824 1170 1879 urbi
1193 1827 1426 1881 semitam.

534 1883 780 1940 Prudentis
806 1892 969 1944 Haeres
995 1896 1190 1954 indolis,
1211 1900 1262 1949 &
1284 1898 1397 1949 alter
1419 1898 1562 1950 Patris

791 1959 893 2012 Rex
917 1966 1099 2014 Gnatus
1121 1966 1250 2016 audit
1274 1966 1510 2027 AEmulus‚

534 2022 634 2080 Qui
653 2028 803 2094 majus
818 2032 949 2082 annis
970 2029 1145 2100 ingenii
1171 2032 1314 2086 robur
1335 2052 1490 2104 parat,

789 2099 1020 2169 Dignosc'p
1045 2103 1177 2170 Rege
1201 2103 1379 2171 spiritus

530 2163 668 2217 Cum
691 2165 809 2218 laete
834 2167 1021 2235 sugens,
1042 2173 1185 2222 audet
1208 2173 1256 2222 in
1281 2173 1451 2224 teneris
1472 2190 1554 2231 ea,

781 2238 903 2297 Quae
928 2238 1003 2289 vix
1025 2236 1181 2290 labore
1202 2240 1428 2309 consequi

529 2301 792 2355 Herculeus
825 2303 941 2356 aufit
971 2306 1167 2358 animus.
1250 2310 1491 2378 Integram
1515 2307 1825 2371 AUSTR1A‚

781 2372 889 2441 Jarn
911 2373 1038 2443 spem
1064 2375 1270 2437 resume,
1297 2382 1348 2430 &
1375 2376 1644 2440 fiaudibuS‚

528 2434 786 2513 Liquidiscj;
808 2442 994 2496 dudum
1013 2445 1152 2498 cocta
1175 2446 1365 2498 consilia
1386 2446 1503 2499 dolis

782 2510 880 2563 Sub
902 2511 1108 2567 laureato
1127 2517 1304 2568 vertice

526 2575 727 2629 Ruitura
748 2581 912 2640 crede,
937 2583 1131 2652 quando
1161 2584 1510 2651 JOSEPHUM
1532 2582 1673 2637 alterfi

780 2648 978 2702 Clarum
1005 2650 1198 2704 Corona
1219 2654 1378 2705 Patriae

524 2717 791 2781 Plaudentis
815 2719 936 2770 inter
959 2736 1070 2772 vota
1094 2722 1303 2773 Romani
1326 2739 1514 2775 novum

781 2788 969 2855 Regem
995 2789 1152 2841 sslutas
1176 2786 1377 2858 Imperii.

523 2854 600 2906 Sic
612 2855 811 2907 ominari
836 2872 990 2908 certus
1013 2875 1209 2910 eventus
1221 2857 1388 2928 jubet,

779 2925 887 2976 Hac
909 2924 1009 2992 lege
1033 2927 1148 2978 dum
1172 2928 1423 2979 Prudentia

521 2989 720 3045 Teneris
741 2991 802 3043 ab
825 2995 956 3044 annis
981 2993 1154 3047 imbuit
1175 2997 1390 3064 Regem,
1413 3009 1468 3046 ut
1488 2995 1591 3047 {uos

776 3061 999 3114 Clemens
1026 3065 1204 3116 Amore
1223 3064 1432 3116 subditos

513 3125 700 3198 Regere
714 3168 731 3190 ,
751 3130 930 3181 severus
943 3131 1018 3183 sed
1032 3137 1204 3201 jugum
1229 3134 1405 3185 vindex
1426 3132 1525 3203 pati

769 3200 941 3252 Hostes
961 3201 1156 3255 ‘Emere
1174 3201 1380 3257 disceret.

1950 3427 2303 3632 JU-
