2457 3961
342 221 457 273 Huc
478 215 666 272 oculos,
688 211 723 264 fi
750 210 1070 281 spectaculum
1095 224 1223 263 amat
1242 206 1393 261 orbis:
1414 210 1512 264 huc
1537 208 1780 268 animos,si
1805 210 2100 264 miraculum.
2121 212 2349 281 Magnis

170 292 356 359 Maiora
367 285 605 341 Caefiirurn
619 284 850 340 Nomina,
864 282 908 331 ni
924 281 1081 349 potius
1095 281 1296 330 dixerim
1309 300 1323 339 ς
1340 280 1505 346 Magni
1519 280 1748 331 Nominis
1760 281 2222 351 Caesarumprodigia
2237 299 2316 333 au·-
2355 285 2359 309 ³

171 359 268 410 diat
302 351 732 409 RUDOLPHOS,
764 349 1136 408 ALBERTOS‚
1151 348 1493 405 CAROLOS,
1511 348 1854 400 FERDINAN
1862 350 2012 409 Dos,
2034 351 2317 403 LEOPOL-
2345 395 2348 399 .

172 427 302 479 DOS
316 446 333 475 .·
357 424 508 481 Quod
521 423 569 472 in
584 422 707 489 pacis
730 418 896 471 nostrae
916 419 1062 487 Signo
1076 435 1192 470 cum
1212 416 1592 468 RUDOLPHO
1616 417 1772 484 primo
1798 417 1922 468 felici
1959 419 2156 486 augurio
2168 420 2315 486 impe..

171 497 294 548 rium
306 494 411 543 sunt
427 490 675 559 auspicati,
693 488 866 539 eodem
881 526 898 546 ,
960 505 1023 539 uo
1034 485 1200 539 DEUS
1214 501 1402 554 regnat,
1420 485 1616 554 Sceptro
1627 501 1797 538 contra
1808 485 1963 538 hostes
1995 487 2130 546 DEI,
2153 490 2205 540 &
2221 489 2314 539 Im-

169 565 277 631 perij
294 553 538 628 hucusque
549 556 745 626 gloriose
760 556 866 607 sunt
889 506 969 607 usi.
1058 556 1190 606 Hinc
1201 553 1408 606 laceratis
1422 553 1532 605 licet
1554 554 1731 622 Regnis
1752 554 1920 622 integri
1943 571 2107 607 tamen
2128 555 2316 624 semper

168 631 368 684 Caesares
381 628 496 680 nihil
509 644 722 695 unquam
735 624 977 694 perdidere
988 622 1241 693 Majestatis
1257 643 1276 673 .·
1313 623 1422 690 quia
1434 621 1498 674 sui
1521 623 1800 692 imperium,
1811 639 2007 675 externo
2025 624 2193 692 quovis
2218 627 2314 676 Au·

168 702 342 770 gustius
354 700 573 749 diuturna
587 694 918 747 adversitatum
933 692 1176 745 tolerantia
1189 691 1284 743 sine
1295 694 1503 750 metu‚&
1516 708 1655 742 motu
1668 689 1950 744 retinebant.
1967 694 2102 752 Quin
2114 692 2220 744 imo
2233 694 2315 764 qui

171 770 295 820 ultro
312 767 354 818 se
366 781 660 834 ingerentem
674 766 933 815 Fortunam
959 780 1059 813 non
1079 763 1181 812 raro
1203 761 1401 811 arridere
1425 760 1683 828 dedignati,
1697 760 1850 812 hostili
1864 761 2075 813 tumultu
2090 762 2314 820 territam,

170 828 541 903 avolante'mque
555 833 739 886 irridere
750 831 865 899 saepe
878 831 984 882 sunt
997 828 1102 881 visi:
1127 831 1246 882 dum
1259 831 1401 881 etiam
1427 829 1748 882 reludtantem
1772 829 2059 898 longaminis
2078 832 2330 898 patientiae.

134 940 146 958 ,
170 909 220 958 in
243 906 382 957 nassas
405 903 669 955 involutam
690 899 794 951 orbi
810 900 1113 968 spectandam
1139 898 1454 950 evoluerunt:
1478 890 1837 967 paucarumque
1850 900 2203 951 aetatumlustro
2217 916 2314 952 tam

170 975 325 1043 ampla
339 1013 354 1032 ‚
375 975 426 1025 ὅ(
439 970 644 1040 Augusta
659 970 909 1021 Maiestatis
921 962 1156 1034 sumpsere
1168 968 1489 1024 incrementat
1510 982 1565 1019 ut
1577 982 1707 1019 totus
1733 968 1980 1018 Austriacis
2005 986 2155 1036 prope
2173 986 2318 1020 mun-

169 1045 257 1097 dus
269 1046 318 1094 in
331 1041 554 1111 palatium
567 1038 746 1092 cefferit
761 1076 776 1096 ,
794 1041 923 1106 cujus
944 1053 1185 1087 extremos
1197 1035 1391 1105 angulos
1405 1052 1525 1088 cum
1538 1035 1796 1105 Sampsone
1806 1036 2046 1104 complexi
2071 1055 2159 1106 pro
2179 1036 2317 1090 libitu

169 1111 340 1165 orbem
354 1123 694 1163 concuterent:
714 1105 799 1158 nisi
813 1106 1027 1157 sustinere
1040 1103 1235 1158 mallent
1247 1105 1634 1172 Longanimitate
1647 1104 1760 1158 faeti
1784 1106 2069 1174 Longimani
2082 1144 2099 1166 ,
2125 1106 2319 1159 nemine

173 1200 276 1235 non
305 1183 530 1236 Ma'ores‚
554 1193 762 1245 quorum
776 1175 960 1226 animus
971 1175 1113 1226 etiam
1130 1173 1299 1225 caelum
1312 1173 1611 1226 transcendit.
1691 1173 1850 1226 Latius
1862 1174 2082 1243 profecte>
2103 1175 2314 1243 Augusta

169 1252 362 1320 Regum
378 1199 541 1300 indole
555 1246 744 1313 Sceptra
757 1261 1014 1312 propagare
1025 1259 1126 1294 non
1140 1241 1353 1296 volentes
1365 1279 1379 1302 ‚
1400 1260 1546 1312 quam
1563 1243 1771 1294 mundus
1791 1259 1959 1311 pateat.
2012 1244 2114 1308 Qui
2126 1258 2289 1296 tamen
2299 1281 2317 1303 ,

171 1320 283 1371 licet
295 1317 454 1370 {obriae
470 1315 677 1384 ipsorum
688 1311 916 1381 regnandi
928 1311 1146 1382 potestati
1161 1310 1383 1375 sufficiat3
1404 1330 1509 1365 non
1523 1327 1691 1365 tamen
1698 1311 1850 1373 saetis,
1861 1312 2061 1367 &famae
2072 1350 2089 1374 ,
2110 1312 2203 1383 qua
2216 1311 2319 1384 plu-

170 1407 241 1441 res
253 1388 458 1440 mundos
470 1384 708 1455 impleturi
718 1381 906 1435 fuiffent
915 1416 930 1441 ,
949 1380 984 1434 si
995 1381 1235 1439 darentur.

344 1521 522 1593 Neque
535 1522 600 1575 est
612 1560 629 1582 ,
651 1520 784 1591 quod
798 1520 847 1572 in
867 1518 967 1572 hoc
992 1519 1188 1572 miretur
1208 1515 1363 1571 orbis.⁴
1379 1517 1736 1573 Adverfitatum
1747 1519 1926 1590 quippe
1941 1519 2154 1590 pondere
2166 1517 2320 1572 firma·

180 1611 258 1649 tur
270 1595 468 1652 Austria‚
483 1610 581 1644 non
597 1607 834 1660 gravatur,
848 1589 1011 1641 >minus
1022 1590 1321 1658 opprimitur,
1337 1589 1412 1640 sed
1424 1607 1591 1641 contra
1605 1606 1824 1641 naturam
1844 1591 2065 1659 gravium
2079 1590 2138 1641 ad
2150 1588 2321 1641 caelum

181 1662 618 1736 usquesublimatur.
707 1661 841 1711 Hinc
862 1675 915 1710 ut
933 1660 1079 1710 cedro
1092 1659 1287 1726 dignam
1301 1659 1610 1710 domesticam
1623 1659 1863 1711 Virtutem
1888 1658 2047 1711 multis
2068 1657 2320 1711 adversita-

174 1749 228 1785 tu
236 1729 497 1784 minoribus
511 1728 780 1784 exercitam,
793 1726 964 1795 probet
975 1728 1175 1779 minime
1189 1720 1710 1798 sterilem,pluribi'1squc
1729 1729 1881 1795 regnis
1905 1727 2108 1781 ferendis
2130 1744 2289 1795 parem
2305 1741 2321 1782 t

175 1802 291 1854 illius
304 1821 401 1869 quo
416 1801 423 1811 '
439 1818 497 1851 ue
512 1794 663 1849 afforis
676 1796 869 1849 exhibet
883 1795 1150 1850 ubertatem
1163 1817 1176 1859 3
1190 1813 1245 1847 ut
1257 1797 1453 1864 grandes
1464 1795 1649 1848 arbores
1663 1796 1811 1848 solent
1825 1797 1964 1848 :dum
1978 1796 2322 1856 extra,Austria-

174 1890 231 1924 ca
246 1871 397 1937 septa,
468 1867 671 1936 egalibus
695 1867 895 1933 Sceptris
924 1867 1208 1934 congenita,
1235 1866 1383 1917 avidae
1404 1865 1530 1917 orbis
1556 1865 1875 1933 expe&ationi
1904 1884 2032 1918 nova
2055 1882 2200 1934 poma
2215 1882 2325 1933 pro-

174 1941 343 1993 tendit.
431 1938 676 1989 Nimirum
688 1974 704 1994 ,
729 1951 782 1985 ut
797 1937 1003 1986 Romani
1016 1935 1213 1986 Catonis
1226 1934 1392 1986 effato:
1416 1935 1540 1988 Non
1561 1935 1621 1998 est
1643 1929 1960 2002 arborsslida,
1973 1953 2056 1986 nec
2056 1935 2223 2004 fortis,
2236 1930 2331 2004 nist

175 2011 231 2062 in
245 2026 401 2081 quam⁴
404 2006 630 2078 frequens
650 2017 826 2056 ventus
847 2000 1088 2071 incursat:
1111 2006 1211 2075 ipsa
1229 2006 1357 2055 enim
1380 2005 1641 2055 vexatione
1660 2003 2028 2075 constringitur,
2059 2000 2123 2061 Εἴ
2143 2000 2326 2054 radices

177 2071 486 2147 certiiisfigit.
528 2077 600 2141 (a)
633 2073 707 2124 Sic
725 2090 805 2141 per
819 2091 918 2124 non
931 2072 1129 2123 humilia
1143 2073 1436 2132 formantur,
1457 2074 1539 2142 qui
1552 2073 1611 2123 ad
1625 2090 1797 2141 magna
1811 2072 1918 2124 sunt
1939 2071 2169 2126 destinati.
2212 2072 2326 2122 Nec

175 2148 308 2198 enim
329 2148 536 2195 Coronae
560 2143 666 2192 sunt
691 2140 786 2192 sine
812 2142 841 2191 s
864 2142 978 2200 inis,
1006 2160 1097 2194 nec
1122 2142 1314 2209 Sceptra
1340 2140 1436 2193 sine
1462 2141 1675 2210 pondere
1693 2177 1706 2199 ,
1738 2158 1830 2192 nec
1852 2140 2028 2210 gladius
2051 2139 2148 2191 sine
2170 2157 2323 2191 cruce.

179 2221 317 2274 Quos
331 2214 503 2264 mundi
514 2211 754 2263 Conditor
766 2160 959 2278 publico
973 2208 1108 2262 bono
1118 2212 1251 2261 dedit
1263 2246 1275 2268 ‚
1297 2213 1349 2262 &
1364 2211 1426 2261 de
1439 2210 1613 2261 virtute
1633 2208 1731 2260 solis
1757 2209 2012 2277 plurimum
2040 2209 2324 2278 participant

181 2284 408 2338 Caesares,
430 2281 640 2333 laborem
657 2299 851 2348 quoque
862 2297 976 2330 cum
989 2279 1082 2331 sole
1104 2279 1351 2338 dividunt,
1370 2295 1424 2330 ut
1447 2295 1699 2347 nunquam
1725 2277 1980 2346 quiescant.
2064 2278 2202 2339 Quin
2220 2278 2326 2328 imo

179 2356 313 2421 quati
324 2352 520 2402 subinde
534 2351 702 2400 omnia
715 2348 895 2400 ncceffe
908 2349 972 2400 est
986 2363 998 2405 1
1028 2365 1094 2405 ut,
1106 2347 1130 2398 a
1142 2367 1241 2417 quo
1256 2347 1588 2406 sustententur,
1602 2346 1753 2399 fulcro
1778 2347 2064 2399 ostendatur.
2133 2346 2331 2399 DEvS

179 2425 305 2473 emm
326 2414 642 2495 quosprobat,
668 2436 781 2490 quos
804 2431 966 2476 amat,
992 2415 1220 2476 indurat,
1235 2418 1535 2488 recognoscit,
1549 2428 1739 2468 exercet.
1776 2413 1856 2483 (b)
1891 2417 2124 2484 Castigata
2137 2415 2186 2466 in
2207 2413 2328 2466 mul-

179 2493 237 2541 tis
250 2490 315 2558 alij
325 2510 340 2538 s
356 2487 644 2556 praefidentia
656 2525 670 2544 ,
689 2488 737 2537 in
751 2484 957 2554 pluribus
975 2482 1202 2555 superbia,
1215 2486 1263 2537 in
1276 2485 1485 2554 plurimis
1495 2485 1691 2542 incuria,
1705 2485 1755 2536 in
1766 2484 1951 2553 reliquis
1964 2483 2190 2543 severitaS,
2201 2484 2250 2535 in
2263 2481 2330 2534 so-

178 2559 228 2610 lis
243 2564 282 2608 A
290 2558 487 2608 ustriacis
501 2557 699 2608 exercita
713 2553 910 2608 subinde
925 2555 1148 2623 patientia
1162 2555 1321 2607 nonin
1334 2572 1532 2623 poenam
1546 2592 1559 2613 ,
1582 2552 1660 2605 sed
1671 2553 1720 2604 in
1732 2556 1981 2623 praemium
1995 2590 2009 2611 ‚
2030 2571 2132 2604 non
2152 2553 2210 2604 ad
2225 2552 2327 2620 sup-

182 2627 376 2695 plicium
390 2663 403 2685 ‚
427 2626 501 2676 sed
517 2643 746 2677 coronam
763 2644 776 2685 3
799 2642 852 2676 ut
864 2626 1023 2677 videat
1034 2622 1159 2677 orbis
1175 2642 1261 2694 pro
1282 2624 1374 2676 hac
1399 2625 1567 2675 Domo
1580 2621 1842 2691 longanimi
1858 2622 2191 2675 adversitatum
2214 2620 2332 2672 tole-

181 2698 328 2748 rantia
342 2695 367 2746 a
381 2697 518 2752 DEO
531 2692 647 2763 saepe
661 2710 864 2754 tentata,
882 2696 934 2745 &
945 2693 1144 2764 probata
1154 2731 1169 2755 ,
1188 2697 1416 2765 majorem
1429 2692 1719 2763 potestatem
1730 2692 1933 2762 vigilare,
1944 2691 2089 2762 quam
2100 2691 2330 2744 humani.

354 2833 408 2882 Sa
445 2832 592 2883 ienter
605 2830 852 2883 Romanus
865 2828 1083 2899 politicus
1097 2850 1108 2882 ε
1130 2827 1287 2885 Nihil
1293 2825 1457 2883 habere
1464 2827 1534 2882 ad
1540 2828 1675 2906 quod
1678 2830 1913 2888 exciteris,
1925 2832 2063 2896 cujus
2072 2827 2332 2880 denuncia-

183 2902 229 2953 ti
259 2920 336 2958 ae,
365 2849 920 2968 &Pincmsufirmitatem
931 2901 1090 2950 animi
1099 2901 1178 2950 tui
1189 2912 1361 2957 tentes,
1376 2896 1464 2979 fid
1483 2901 1538 2950 in
1551 2901 1648 2950 otio
1669 2897 1928 2969 inconcuſjb
1938 2902 2129 2964 jaceas,
2150 2913 2243 2946 non
2268 2892 2330 2966 cst

182 2969 515 3044 tranquillitas
527 3005 540 3027 ,
563 2965 757 3019 malitia
778 2967 851 3036 est.
924 2969 1030 3018 Imo
1043 2965 1169 3019 nihil
1188 2966 1429 3033 infelicius
1441 2985 1504 3026 ec,
1521 2969 1604 3019 cui
1615 2965 1744 3019 nihil
1749 2985 1965 3042 unquam
1978 2967 2143 3018 evenit
2154 2963 2333 3014 adver-

171 3038 228 3108 β.
270 3041 344 3105 (c)
381 3038 570 3089 Enervis
574 3041 704 3105 jacet
721 3035 1083 3088 sincadversario
1094 3037 1251 3089 virtus.
1290 3036 1396 3095 Ille,
1421 3036 1639 3104 quifudit
1651 3035 2103 3104 ssnguinemsuum,
2129 3031 2332 3084 euiden-

187 3122 258 3159 tes
273 3105 656 3174 crepueruntfiab
679 3122 874 3173 pugno:
900 3104 1005 3164 Ille,
1026 3106 1106 3174 qui
1131 3104 1478 3173 supplantatUS‚
1500 3104 1808 3156 adversarium
1834 3120 1943 3155 toto
1966 3102 2073 3155 tulit
2099 3117 2330 3169 corpore,

187 3193 279 3228 nec
294 3177 488 3242 projecit
501 3176 721 3225 animum
736 3172 1000 3242 projedius:
1026 3174 1132 3242 qui,
1159 3175 1345 3242 quoties
1370 3173 1566 3231 cecidit,
1589 3175 1830 3225 resurrexit
1851 3190 1966 3223 cum
1980 3188 2155 3238 magna
2176 3169 2253 3237 spe
2271 3168 2334 3219 ad

184 3260 396 3313 pugnam
411 3243 664 3294 descendit.
702 3243 970 3310 Nunquam
986 3241 1215 3311 liquidem
1233 3241 1374 3293 molle
1396 3242 1580 3293 virtutis
1593 3243 1945 3294 documentum
1958 3277 1971 3298 ‚
1983 3239 2217 3292 calamitas
2240 3238 2334 3287 vir-

186 3328 299 3364 tutis
314 3311 499 3362 occasio
511 3313 587 3362 est.
623 3313 712 3361 Vix
723 3311 852 3361 enim
864 3329 1158 3379 quemquam
1172 3310 1295 3361 orbis
1309 3312 1367 3362 ad
1386 3328 1558 3379 magna
1569 3326 1735 3363 natum
1749 3312 1889 3369 vidit,
1902 3310 1984 3377 qui
1998 3311 2255 3359 Fortunam
2273 3306 2333 3357 ad

186 3396 375 3448 tempus
389 3381 664 3431 Novercam
677 3398 775 3429 non
789 3376 955 3430 habuit
966 3416 979 3438 ‚
1042 3397 1110 3429 uae
1121 3380 1358 3447 Spartanae
1371 3382 1529 3431 matris
1549 3379 1709 3431 indole
1721 3418 1737 3439 ,
1757 3397 1878 3447 quos
1896 3378 1922 3428 a
1940 3375 2129 3444 flagellis
2142 3376 2333 3431 educat,

185 3450 372 3500 Heroe's
384 3450 557 3506 nutrit,
583 3466 700 3516 quos
713 3449 881 3499 timeat
894 3448 1012 3498 simu
1040 3485 1053 3505 ,
1073 3451 1266 3499 &amet
1292 3445 1428 3498 orbiS.
1464 3448 1728 3499 Herculem
1750 3446 1957 3498 monstra
1980 3442 2197 3513 probant.
2235 3444 2333 3510 Ty-

188 3518 305 3585 phin
320 3520 475 3575 maria,
493 3516 724 3568 Achillem
740 3516 904 3583 praelia,
917 3518 1149 3567 virtutem
1162 3515 1372 3576 occasi03
1397 3534 1502 3584 quae
1516 3516 1606 3567 iola
1616 3518 1672 3567 ad
1688 3516 1850 3566 solium
1866 3530 1989 3572 nata,
2004 3530 2107 3581 quae
2122 3512 2186 3562 ibi
2201 3511 2335 3562 indu-

190 3603 316 3638 ratur
330 3624 348 3645 ,
371 3584 454 3638 ubi
465 3602 630 3638 caetera
641 3583 973 3645 emollescunt,
987 3589 1037 3638 &
1052 3583 1134 3638 ubi
1149 3587 1292 3641 etiam
1308 3602 1538 3638 emarcuit
1551 3605 1649 3638 nori
1667 3603 1786 3637 unus
1811 3582 2037 3636 Hercules
2047 3618 2063 3643 ,
2090 3579 2336 3701 tamendad

2191 3666 2240 3699 ar
2277 3665 2335 3699 ua
